;; -*- mode: org; mode: beancount; -*-
;; Birth: 1980-05-12
;; Dates: 2012-01-01 - 2014-11-07
;; THIS FILE HAS BEEN AUTO-GENERATED.
* Options

option "title" "Example Beancount file"
option "operating_currency" "USD"

* Equity Accounts

1980-05-12 open Equity:Opening-Balances                         

1980-05-12 open Liabilities:AccountsPayable                     

* Banking

2012-01-01 open Assets:US:BofA:Checking                        USD

2012-01-01 * "Opening Balance for checking account"
  Assets:US:BofA:Checking                                               2,877.92 USD
  Equity:Opening-Balances                                               -2,877.92 USD

2012-01-02 balance Assets:US:BofA:Checking                        2,877.92 USD

2012-01-04 * "BANK FEES" | "Monthly bank fee"
  Assets:US:BofA:Checking                          -4.00 USD
  Expenses:Financial:Fees                           4.00 USD

2012-01-06 * "RiverBank Properties" | "Paying the rent"
  Assets:US:BofA:Checking                                              -2,400.00 USD
  Expenses:Home:Rent                                                     2,400.00 USD

2012-01-09 * "EDISON POWER" | ""
  Assets:US:BofA:Checking                         -65.00 USD
  Expenses:Home:Electricity                        65.00 USD

2012-01-22 * "Wine-Tarner Cable" | ""
  Assets:US:BofA:Checking                         -79.98 USD
  Expenses:Home:Internet                           79.98 USD

2012-01-29 balance Assets:US:BofA:Checking                        2,844.79 USD

2012-02-04 * "BANK FEES" | "Monthly bank fee"
  Assets:US:BofA:Checking                          -4.00 USD
  Expenses:Financial:Fees                           4.00 USD

2012-02-05 * "RiverBank Properties" | "Paying the rent"
  Assets:US:BofA:Checking                                              -2,400.00 USD
  Expenses:Home:Rent                                                     2,400.00 USD

2012-02-08 * "EDISON POWER" | ""
  Assets:US:BofA:Checking                         -65.00 USD
  Expenses:Home:Electricity                        65.00 USD

2012-02-22 * "Wine-Tarner Cable" | ""
  Assets:US:BofA:Checking                         -79.85 USD
  Expenses:Home:Internet                           79.85 USD

2012-02-24 balance Assets:US:BofA:Checking                        2,472.81 USD

2012-03-04 * "BANK FEES" | "Monthly bank fee"
  Assets:US:BofA:Checking                          -4.00 USD
  Expenses:Financial:Fees                           4.00 USD

2012-03-04 * "RiverBank Properties" | "Paying the rent"
  Assets:US:BofA:Checking                                              -2,400.00 USD
  Expenses:Home:Rent                                                     2,400.00 USD

2012-03-08 * "EDISON POWER" | ""
  Assets:US:BofA:Checking                         -65.00 USD
  Expenses:Home:Electricity                        65.00 USD

2012-03-22 * "Wine-Tarner Cable" | ""
  Assets:US:BofA:Checking                         -79.97 USD
  Expenses:Home:Internet                           79.97 USD

2012-03-25 balance Assets:US:BofA:Checking                        1,948.54 USD

2012-04-03 * "RiverBank Properties" | "Paying the rent"
  Assets:US:BofA:Checking                                              -2,400.00 USD
  Expenses:Home:Rent                                                     2,400.00 USD

2012-04-04 * "BANK FEES" | "Monthly bank fee"
  Assets:US:BofA:Checking                          -4.00 USD
  Expenses:Financial:Fees                           4.00 USD

2012-04-08 * "EDISON POWER" | ""
  Assets:US:BofA:Checking                         -65.00 USD
  Expenses:Home:Electricity                        65.00 USD

2012-04-22 * "Wine-Tarner Cable" | ""
  Assets:US:BofA:Checking                         -80.00 USD
  Expenses:Home:Internet                           80.00 USD

2012-04-23 balance Assets:US:BofA:Checking                        1,625.37 USD

2012-05-04 * "BANK FEES" | "Monthly bank fee"
  Assets:US:BofA:Checking                          -4.00 USD
  Expenses:Financial:Fees                           4.00 USD

2012-05-04 * "RiverBank Properties" | "Paying the rent"
  Assets:US:BofA:Checking                                              -2,400.00 USD
  Expenses:Home:Rent                                                     2,400.00 USD

2012-05-09 * "EDISON POWER" | ""
  Assets:US:BofA:Checking                         -65.00 USD
  Expenses:Home:Electricity                        65.00 USD

2012-05-20 balance Assets:US:BofA:Checking                        1,133.59 USD

2012-05-22 * "Wine-Tarner Cable" | ""
  Assets:US:BofA:Checking                         -80.19 USD
  Expenses:Home:Internet                           80.19 USD

2012-06-04 * "BANK FEES" | "Monthly bank fee"
  Assets:US:BofA:Checking                          -4.00 USD
  Expenses:Financial:Fees                           4.00 USD

2012-06-05 * "RiverBank Properties" | "Paying the rent"
  Assets:US:BofA:Checking                                              -2,400.00 USD
  Expenses:Home:Rent                                                     2,400.00 USD

2012-06-09 * "EDISON POWER" | ""
  Assets:US:BofA:Checking                         -65.00 USD
  Expenses:Home:Electricity                        65.00 USD

2012-06-18 balance Assets:US:BofA:Checking        766.03 USD

2012-06-22 * "Wine-Tarner Cable" | ""
  Assets:US:BofA:Checking                         -79.93 USD
  Expenses:Home:Internet                           79.93 USD

2012-07-04 * "BANK FEES" | "Monthly bank fee"
  Assets:US:BofA:Checking                          -4.00 USD
  Expenses:Financial:Fees                           4.00 USD

2012-07-06 * "RiverBank Properties" | "Paying the rent"
  Assets:US:BofA:Checking                                              -2,400.00 USD
  Expenses:Home:Rent                                                     2,400.00 USD

2012-07-09 * "EDISON POWER" | ""
  Assets:US:BofA:Checking                         -65.00 USD
  Expenses:Home:Electricity                        65.00 USD

2012-07-11 balance Assets:US:BofA:Checking        354.69 USD

2012-07-22 * "Wine-Tarner Cable" | ""
  Assets:US:BofA:Checking                         -79.86 USD
  Expenses:Home:Internet                           79.86 USD

2012-08-03 balance Assets:US:BofA:Checking                        5,176.03 USD

2012-08-04 * "BANK FEES" | "Monthly bank fee"
  Assets:US:BofA:Checking                          -4.00 USD
  Expenses:Financial:Fees                           4.00 USD

2012-08-04 * "RiverBank Properties" | "Paying the rent"
  Assets:US:BofA:Checking                                              -2,400.00 USD
  Expenses:Home:Rent                                                     2,400.00 USD

2012-08-08 * "EDISON POWER" | ""
  Assets:US:BofA:Checking                         -65.00 USD
  Expenses:Home:Electricity                        65.00 USD

2012-08-17 * "Transfering accumulated savings to other account"
  Assets:US:BofA:Checking                                              -3,500.00 USD
  Assets:US:ETrade:Cash                                              3,500.00 USD

2012-08-23 * "Wine-Tarner Cable" | ""
  Assets:US:BofA:Checking                         -80.17 USD
  Expenses:Home:Internet                           80.17 USD

2012-08-24 balance Assets:US:BofA:Checking                        1,078.27 USD

2012-09-04 * "BANK FEES" | "Monthly bank fee"
  Assets:US:BofA:Checking                          -4.00 USD
  Expenses:Financial:Fees                           4.00 USD

2012-09-05 * "RiverBank Properties" | "Paying the rent"
  Assets:US:BofA:Checking                                              -2,400.00 USD
  Expenses:Home:Rent                                                     2,400.00 USD

2012-09-09 * "EDISON POWER" | ""
  Assets:US:BofA:Checking                         -65.00 USD
  Expenses:Home:Electricity                        65.00 USD

2012-09-17 balance Assets:US:BofA:Checking                        3,036.84 USD

2012-09-21 * "Wine-Tarner Cable" | ""
  Assets:US:BofA:Checking                         -79.98 USD
  Expenses:Home:Internet                           79.98 USD

2012-10-03 * "RiverBank Properties" | "Paying the rent"
  Assets:US:BofA:Checking                                              -2,400.00 USD
  Expenses:Home:Rent                                                     2,400.00 USD

2012-10-04 * "BANK FEES" | "Monthly bank fee"
  Assets:US:BofA:Checking                          -4.00 USD
  Expenses:Financial:Fees                           4.00 USD

2012-10-09 * "EDISON POWER" | ""
  Assets:US:BofA:Checking                         -65.00 USD
  Expenses:Home:Electricity                        65.00 USD

2012-10-12 * "Transfering accumulated savings to other account"
  Assets:US:BofA:Checking                                              -4,500.00 USD
  Assets:US:ETrade:Cash                                              4,500.00 USD

2012-10-13 balance Assets:US:BofA:Checking        464.91 USD

2012-10-22 * "Wine-Tarner Cable" | ""
  Assets:US:BofA:Checking                         -80.02 USD
  Expenses:Home:Internet                           80.02 USD

2012-11-04 * "BANK FEES" | "Monthly bank fee"
  Assets:US:BofA:Checking                          -4.00 USD
  Expenses:Financial:Fees                           4.00 USD

2012-11-05 * "RiverBank Properties" | "Paying the rent"
  Assets:US:BofA:Checking                                              -2,400.00 USD
  Expenses:Home:Rent                                                     2,400.00 USD

2012-11-08 * "EDISON POWER" | ""
  Assets:US:BofA:Checking                         -65.00 USD
  Expenses:Home:Electricity                        65.00 USD

2012-11-09 balance Assets:US:BofA:Checking                        2,474.65 USD

2012-11-21 * "Wine-Tarner Cable" | ""
  Assets:US:BofA:Checking                         -79.97 USD
  Expenses:Home:Internet                           79.97 USD

2012-12-03 * "RiverBank Properties" | "Paying the rent"
  Assets:US:BofA:Checking                                              -2,400.00 USD
  Expenses:Home:Rent                                                     2,400.00 USD

2012-12-04 * "BANK FEES" | "Monthly bank fee"
  Assets:US:BofA:Checking                          -4.00 USD
  Expenses:Financial:Fees                           4.00 USD

2012-12-05 balance Assets:US:BofA:Checking                        2,541.28 USD

2012-12-09 * "EDISON POWER" | ""
  Assets:US:BofA:Checking                         -65.00 USD
  Expenses:Home:Electricity                        65.00 USD

2012-12-23 * "Wine-Tarner Cable" | ""
  Assets:US:BofA:Checking                         -79.83 USD
  Expenses:Home:Internet                           79.83 USD

2013-01-04 balance Assets:US:BofA:Checking                        8,438.57 USD

2013-01-04 * "BANK FEES" | "Monthly bank fee"
  Assets:US:BofA:Checking                          -4.00 USD
  Expenses:Financial:Fees                           4.00 USD

2013-01-04 * "RiverBank Properties" | "Paying the rent"
  Assets:US:BofA:Checking                                              -2,400.00 USD
  Expenses:Home:Rent                                                     2,400.00 USD

2013-01-08 * "EDISON POWER" | ""
  Assets:US:BofA:Checking                         -65.00 USD
  Expenses:Home:Electricity                        65.00 USD

2013-01-23 * "Wine-Tarner Cable" | ""
  Assets:US:BofA:Checking                         -79.90 USD
  Expenses:Home:Internet                           79.90 USD

2013-01-26 balance Assets:US:BofA:Checking                        6,567.40 USD

2013-02-04 * "BANK FEES" | "Monthly bank fee"
  Assets:US:BofA:Checking                          -4.00 USD
  Expenses:Financial:Fees                           4.00 USD

2013-02-06 * "RiverBank Properties" | "Paying the rent"
  Assets:US:BofA:Checking                                              -2,400.00 USD
  Expenses:Home:Rent                                                     2,400.00 USD

2013-02-09 * "EDISON POWER" | ""
  Assets:US:BofA:Checking                         -65.00 USD
  Expenses:Home:Electricity                        65.00 USD

2013-02-19 balance Assets:US:BofA:Checking                        6,202.08 USD

2013-02-22 * "Wine-Tarner Cable" | ""
  Assets:US:BofA:Checking                         -80.10 USD
  Expenses:Home:Internet                           80.10 USD

2013-03-04 * "BANK FEES" | "Monthly bank fee"
  Assets:US:BofA:Checking                          -4.00 USD
  Expenses:Financial:Fees                           4.00 USD

2013-03-05 * "RiverBank Properties" | "Paying the rent"
  Assets:US:BofA:Checking                                              -2,400.00 USD
  Expenses:Home:Rent                                                     2,400.00 USD

2013-03-09 * "EDISON POWER" | ""
  Assets:US:BofA:Checking                         -65.00 USD
  Expenses:Home:Electricity                        65.00 USD

2013-03-15 balance Assets:US:BofA:Checking                        5,734.50 USD

2013-03-21 * "Wine-Tarner Cable" | ""
  Assets:US:BofA:Checking                         -79.87 USD
  Expenses:Home:Internet                           79.87 USD

2013-04-04 * "BANK FEES" | "Monthly bank fee"
  Assets:US:BofA:Checking                          -4.00 USD
  Expenses:Financial:Fees                           4.00 USD

2013-04-04 * "RiverBank Properties" | "Paying the rent"
  Assets:US:BofA:Checking                                              -2,400.00 USD
  Expenses:Home:Rent                                                     2,400.00 USD

2013-04-08 * "EDISON POWER" | ""
  Assets:US:BofA:Checking                         -65.00 USD
  Expenses:Home:Electricity                        65.00 USD

2013-04-13 balance Assets:US:BofA:Checking                        4,306.90 USD

2013-04-22 * "Wine-Tarner Cable" | ""
  Assets:US:BofA:Checking                         -80.01 USD
  Expenses:Home:Internet                           80.01 USD

2013-05-04 * "BANK FEES" | "Monthly bank fee"
  Assets:US:BofA:Checking                          -4.00 USD
  Expenses:Financial:Fees                           4.00 USD

2013-05-06 * "RiverBank Properties" | "Paying the rent"
  Assets:US:BofA:Checking                                              -2,400.00 USD
  Expenses:Home:Rent                                                     2,400.00 USD

2013-05-07 balance Assets:US:BofA:Checking                        3,173.49 USD

2013-05-09 * "EDISON POWER" | ""
  Assets:US:BofA:Checking                         -65.00 USD
  Expenses:Home:Electricity                        65.00 USD

2013-05-23 * "Wine-Tarner Cable" | ""
  Assets:US:BofA:Checking                         -79.95 USD
  Expenses:Home:Internet                           79.95 USD

2013-05-27 balance Assets:US:BofA:Checking                        5,593.13 USD

2013-06-04 * "BANK FEES" | "Monthly bank fee"
  Assets:US:BofA:Checking                          -4.00 USD
  Expenses:Financial:Fees                           4.00 USD

2013-06-04 * "RiverBank Properties" | "Paying the rent"
  Assets:US:BofA:Checking                                              -2,400.00 USD
  Expenses:Home:Rent                                                     2,400.00 USD

2013-06-07 * "Transfering accumulated savings to other account"
  Assets:US:BofA:Checking                                              -3,000.00 USD
  Assets:US:ETrade:Cash                                              3,000.00 USD

2013-06-08 * "EDISON POWER" | ""
  Assets:US:BofA:Checking                         -65.00 USD
  Expenses:Home:Electricity                        65.00 USD

2013-06-19 balance Assets:US:BofA:Checking        860.11 USD

2013-06-23 * "Wine-Tarner Cable" | ""
  Assets:US:BofA:Checking                         -79.99 USD
  Expenses:Home:Internet                           79.99 USD

2013-07-04 * "BANK FEES" | "Monthly bank fee"
  Assets:US:BofA:Checking                          -4.00 USD
  Expenses:Financial:Fees                           4.00 USD

2013-07-05 * "RiverBank Properties" | "Paying the rent"
  Assets:US:BofA:Checking                                              -2,400.00 USD
  Expenses:Home:Rent                                                     2,400.00 USD

2013-07-09 * "EDISON POWER" | ""
  Assets:US:BofA:Checking                         -65.00 USD
  Expenses:Home:Electricity                        65.00 USD

2013-07-12 balance Assets:US:BofA:Checking        280.56 USD

2013-07-22 * "Wine-Tarner Cable" | ""
  Assets:US:BofA:Checking                         -80.18 USD
  Expenses:Home:Internet                           80.18 USD

2013-08-04 balance Assets:US:BofA:Checking                        4,601.58 USD

2013-08-04 * "BANK FEES" | "Monthly bank fee"
  Assets:US:BofA:Checking                          -4.00 USD
  Expenses:Financial:Fees                           4.00 USD

2013-08-04 * "RiverBank Properties" | "Paying the rent"
  Assets:US:BofA:Checking                                              -2,400.00 USD
  Expenses:Home:Rent                                                     2,400.00 USD

2013-08-08 * "EDISON POWER" | ""
  Assets:US:BofA:Checking                         -65.00 USD
  Expenses:Home:Electricity                        65.00 USD

2013-08-16 * "Transfering accumulated savings to other account"
  Assets:US:BofA:Checking                                              -3,000.00 USD
  Assets:US:ETrade:Cash                                              3,000.00 USD

2013-08-23 * "Wine-Tarner Cable" | ""
  Assets:US:BofA:Checking                         -80.02 USD
  Expenses:Home:Internet                           80.02 USD

2013-08-31 balance Assets:US:BofA:Checking                        3,403.66 USD

2013-09-04 * "BANK FEES" | "Monthly bank fee"
  Assets:US:BofA:Checking                          -4.00 USD
  Expenses:Financial:Fees                           4.00 USD

2013-09-06 * "RiverBank Properties" | "Paying the rent"
  Assets:US:BofA:Checking                                              -2,400.00 USD
  Expenses:Home:Rent                                                     2,400.00 USD

2013-09-08 * "EDISON POWER" | ""
  Assets:US:BofA:Checking                         -65.00 USD
  Expenses:Home:Electricity                        65.00 USD

2013-09-20 balance Assets:US:BofA:Checking                        2,853.25 USD

2013-09-22 * "Wine-Tarner Cable" | ""
  Assets:US:BofA:Checking                         -80.14 USD
  Expenses:Home:Internet                           80.14 USD

2013-10-04 * "BANK FEES" | "Monthly bank fee"
  Assets:US:BofA:Checking                          -4.00 USD
  Expenses:Financial:Fees                           4.00 USD

2013-10-04 * "RiverBank Properties" | "Paying the rent"
  Assets:US:BofA:Checking                                              -2,400.00 USD
  Expenses:Home:Rent                                                     2,400.00 USD

2013-10-09 * "EDISON POWER" | ""
  Assets:US:BofA:Checking                         -65.00 USD
  Expenses:Home:Electricity                        65.00 USD

2013-10-11 balance Assets:US:BofA:Checking                        5,405.31 USD

2013-10-11 * "Transfering accumulated savings to other account"
  Assets:US:BofA:Checking                                              -4,000.00 USD
  Assets:US:ETrade:Cash                                              4,000.00 USD

2013-10-22 * "Wine-Tarner Cable" | ""
  Assets:US:BofA:Checking                         -79.92 USD
  Expenses:Home:Internet                           79.92 USD

2013-11-04 * "BANK FEES" | "Monthly bank fee"
  Assets:US:BofA:Checking                          -4.00 USD
  Expenses:Financial:Fees                           4.00 USD

2013-11-05 * "RiverBank Properties" | "Paying the rent"
  Assets:US:BofA:Checking                                              -2,400.00 USD
  Expenses:Home:Rent                                                     2,400.00 USD

2013-11-06 balance Assets:US:BofA:Checking        833.38 USD

2013-11-08 * "EDISON POWER" | ""
  Assets:US:BofA:Checking                         -65.00 USD
  Expenses:Home:Electricity                        65.00 USD

2013-11-21 * "Wine-Tarner Cable" | ""
  Assets:US:BofA:Checking                         -80.14 USD
  Expenses:Home:Internet                           80.14 USD

2013-11-22 * "Transfering accumulated savings to other account"
  Assets:US:BofA:Checking                                              -3,000.00 USD
  Assets:US:ETrade:Cash                                              3,000.00 USD

2013-12-01 balance Assets:US:BofA:Checking                        2,243.03 USD

2013-12-04 * "BANK FEES" | "Monthly bank fee"
  Assets:US:BofA:Checking                          -4.00 USD
  Expenses:Financial:Fees                           4.00 USD

2013-12-05 * "RiverBank Properties" | "Paying the rent"
  Assets:US:BofA:Checking                                              -2,400.00 USD
  Expenses:Home:Rent                                                     2,400.00 USD

2013-12-09 * "EDISON POWER" | ""
  Assets:US:BofA:Checking                         -65.00 USD
  Expenses:Home:Electricity                        65.00 USD

2013-12-22 balance Assets:US:BofA:Checking                        4,492.74 USD

2013-12-23 * "Wine-Tarner Cable" | ""
  Assets:US:BofA:Checking                         -80.07 USD
  Expenses:Home:Internet                           80.07 USD

2014-01-04 * "BANK FEES" | "Monthly bank fee"
  Assets:US:BofA:Checking                          -4.00 USD
  Expenses:Financial:Fees                           4.00 USD

2014-01-06 * "RiverBank Properties" | "Paying the rent"
  Assets:US:BofA:Checking                                              -2,400.00 USD
  Expenses:Home:Rent                                                     2,400.00 USD

2014-01-09 * "EDISON POWER" | ""
  Assets:US:BofA:Checking                         -65.00 USD
  Expenses:Home:Electricity                        65.00 USD

2014-01-18 balance Assets:US:BofA:Checking                        4,428.32 USD

2014-01-21 * "Wine-Tarner Cable" | ""
  Assets:US:BofA:Checking                         -80.03 USD
  Expenses:Home:Internet                           80.03 USD

2014-02-04 * "BANK FEES" | "Monthly bank fee"
  Assets:US:BofA:Checking                          -4.00 USD
  Expenses:Financial:Fees                           4.00 USD

2014-02-04 * "RiverBank Properties" | "Paying the rent"
  Assets:US:BofA:Checking                                              -2,400.00 USD
  Expenses:Home:Rent                                                     2,400.00 USD

2014-02-07 balance Assets:US:BofA:Checking                        3,294.89 USD

2014-02-09 * "EDISON POWER" | ""
  Assets:US:BofA:Checking                         -65.00 USD
  Expenses:Home:Electricity                        65.00 USD

2014-02-21 * "Wine-Tarner Cable" | ""
  Assets:US:BofA:Checking                         -79.97 USD
  Expenses:Home:Internet                           79.97 USD

2014-03-03 * "RiverBank Properties" | "Paying the rent"
  Assets:US:BofA:Checking                                              -2,400.00 USD
  Expenses:Home:Rent                                                     2,400.00 USD

2014-03-04 balance Assets:US:BofA:Checking                        2,791.41 USD

2014-03-04 * "BANK FEES" | "Monthly bank fee"
  Assets:US:BofA:Checking                          -4.00 USD
  Expenses:Financial:Fees                           4.00 USD

2014-03-08 * "EDISON POWER" | ""
  Assets:US:BofA:Checking                         -65.00 USD
  Expenses:Home:Electricity                        65.00 USD

2014-03-21 * "Wine-Tarner Cable" | ""
  Assets:US:BofA:Checking                         -80.12 USD
  Expenses:Home:Internet                           80.12 USD

2014-03-31 balance Assets:US:BofA:Checking                        4,025.66 USD

2014-04-04 * "BANK FEES" | "Monthly bank fee"
  Assets:US:BofA:Checking                          -4.00 USD
  Expenses:Financial:Fees                           4.00 USD

2014-04-04 * "RiverBank Properties" | "Paying the rent"
  Assets:US:BofA:Checking                                              -2,400.00 USD
  Expenses:Home:Rent                                                     2,400.00 USD

2014-04-09 * "EDISON POWER" | ""
  Assets:US:BofA:Checking                         -65.00 USD
  Expenses:Home:Electricity                        65.00 USD

2014-04-22 * "Wine-Tarner Cable" | ""
  Assets:US:BofA:Checking                         -80.01 USD
  Expenses:Home:Internet                           80.01 USD

2014-04-30 balance Assets:US:BofA:Checking                        3,611.47 USD

2014-05-03 * "RiverBank Properties" | "Paying the rent"
  Assets:US:BofA:Checking                                              -2,400.00 USD
  Expenses:Home:Rent                                                     2,400.00 USD

2014-05-04 * "BANK FEES" | "Monthly bank fee"
  Assets:US:BofA:Checking                          -4.00 USD
  Expenses:Financial:Fees                           4.00 USD

2014-05-09 * "EDISON POWER" | ""
  Assets:US:BofA:Checking                         -65.00 USD
  Expenses:Home:Electricity                        65.00 USD

2014-05-23 * "Wine-Tarner Cable" | ""
  Assets:US:BofA:Checking                         -80.10 USD
  Expenses:Home:Internet                           80.10 USD

2014-05-27 balance Assets:US:BofA:Checking                        3,064.13 USD

2014-06-03 * "RiverBank Properties" | "Paying the rent"
  Assets:US:BofA:Checking                                              -2,400.00 USD
  Expenses:Home:Rent                                                     2,400.00 USD

2014-06-04 * "BANK FEES" | "Monthly bank fee"
  Assets:US:BofA:Checking                          -4.00 USD
  Expenses:Financial:Fees                           4.00 USD

2014-06-08 * "EDISON POWER" | ""
  Assets:US:BofA:Checking                         -65.00 USD
  Expenses:Home:Electricity                        65.00 USD

2014-06-16 balance Assets:US:BofA:Checking                        1,346.16 USD

2014-06-23 * "Wine-Tarner Cable" | ""
  Assets:US:BofA:Checking                         -80.09 USD
  Expenses:Home:Internet                           80.09 USD

2014-07-03 * "RiverBank Properties" | "Paying the rent"
  Assets:US:BofA:Checking                                              -2,400.00 USD
  Expenses:Home:Rent                                                     2,400.00 USD

2014-07-04 * "BANK FEES" | "Monthly bank fee"
  Assets:US:BofA:Checking                          -4.00 USD
  Expenses:Financial:Fees                           4.00 USD

2014-07-08 * "EDISON POWER" | ""
  Assets:US:BofA:Checking                         -65.00 USD
  Expenses:Home:Electricity                        65.00 USD

2014-07-10 balance Assets:US:BofA:Checking        808.80 USD

2014-07-23 * "Wine-Tarner Cable" | ""
  Assets:US:BofA:Checking                         -80.12 USD
  Expenses:Home:Internet                           80.12 USD

2014-08-03 * "RiverBank Properties" | "Paying the rent"
  Assets:US:BofA:Checking                                              -2,400.00 USD
  Expenses:Home:Rent                                                     2,400.00 USD

2014-08-04 * "BANK FEES" | "Monthly bank fee"
  Assets:US:BofA:Checking                          -4.00 USD
  Expenses:Financial:Fees                           4.00 USD

2014-08-08 balance Assets:US:BofA:Checking                        2,725.88 USD

2014-08-09 * "EDISON POWER" | ""
  Assets:US:BofA:Checking                         -65.00 USD
  Expenses:Home:Electricity                        65.00 USD

2014-08-15 * "Transfering accumulated savings to other account"
  Assets:US:BofA:Checking                                              -3,000.00 USD
  Assets:US:ETrade:Cash                                              3,000.00 USD

2014-08-22 * "Wine-Tarner Cable" | ""
  Assets:US:BofA:Checking                         -80.02 USD
  Expenses:Home:Internet                           80.02 USD

2014-09-03 * "RiverBank Properties" | "Paying the rent"
  Assets:US:BofA:Checking                                              -2,400.00 USD
  Expenses:Home:Rent                                                     2,400.00 USD

2014-09-04 * "BANK FEES" | "Monthly bank fee"
  Assets:US:BofA:Checking                          -4.00 USD
  Expenses:Financial:Fees                           4.00 USD

2014-09-07 balance Assets:US:BofA:Checking                        1,379.19 USD

2014-09-09 * "EDISON POWER" | ""
  Assets:US:BofA:Checking                         -65.00 USD
  Expenses:Home:Electricity                        65.00 USD

2014-09-21 * "Wine-Tarner Cable" | ""
  Assets:US:BofA:Checking                         -79.89 USD
  Expenses:Home:Internet                           79.89 USD

2014-10-01 balance Assets:US:BofA:Checking                        5,689.52 USD

2014-10-04 * "BANK FEES" | "Monthly bank fee"
  Assets:US:BofA:Checking                          -4.00 USD
  Expenses:Financial:Fees                           4.00 USD

2014-10-05 * "RiverBank Properties" | "Paying the rent"
  Assets:US:BofA:Checking                                              -2,400.00 USD
  Expenses:Home:Rent                                                     2,400.00 USD

2014-10-09 * "EDISON POWER" | ""
  Assets:US:BofA:Checking                         -65.00 USD
  Expenses:Home:Electricity                        65.00 USD

2014-10-10 * "Transfering accumulated savings to other account"
  Assets:US:BofA:Checking                                              -5,000.00 USD
  Assets:US:ETrade:Cash                                              5,000.00 USD

2014-10-22 * "Wine-Tarner Cable" | ""
  Assets:US:BofA:Checking                         -79.94 USD
  Expenses:Home:Internet                           79.94 USD

2014-10-24 balance Assets:US:BofA:Checking                        2,766.35 USD

2014-11-04 * "BANK FEES" | "Monthly bank fee"
  Assets:US:BofA:Checking                          -4.00 USD
  Expenses:Financial:Fees                           4.00 USD

* Credit-Cards

1980-05-12 open Liabilities:US:Chase:Slate                      USD

2012-01-02 * "Goba Goba" | "Eating out with Bill"
  Liabilities:US:Chase:Slate                      -31.02 USD
  Expenses:Food:Restaurant                         31.02 USD

2012-01-04 * "Uncle Boons" | "Eating out after work"
  Liabilities:US:Chase:Slate                      -25.33 USD
  Expenses:Food:Restaurant                         25.33 USD

2012-01-08 * "Rose Flower" | "Eating out alone"
  Liabilities:US:Chase:Slate                      -67.88 USD
  Expenses:Food:Restaurant                         67.88 USD

2012-01-09 * "Jewel of Morroco" | "Eating out with Bill"
  Liabilities:US:Chase:Slate                      -35.28 USD
  Expenses:Food:Restaurant                         35.28 USD

2012-01-11 * "Chase:Slate" | "Paying off credit card"
  Liabilities:US:Chase:Slate                      185.35 USD
  Assets:US:BofA:Checking                        -185.35 USD

2012-01-14 * "Kin Soy" | "Eating out "
  Liabilities:US:Chase:Slate                      -25.84 USD
  Expenses:Food:Restaurant                         25.84 USD

2012-01-16 * "Farmer Fresh" | "Buying groceries"
  Liabilities:US:Chase:Slate                      -81.95 USD
  Expenses:Food:Groceries                          81.95 USD

2012-01-17 * "Jewel of Morroco" | "Eating out with Joe"
  Liabilities:US:Chase:Slate                      -36.73 USD
  Expenses:Food:Restaurant                         36.73 USD

2012-01-21 * "Cafe Modagor" | "Eating out with Bill"
  Liabilities:US:Chase:Slate                      -28.11 USD
  Expenses:Food:Restaurant                         28.11 USD

2012-01-22 * "Chichipotle" | "Eating out alone"
  Liabilities:US:Chase:Slate                      -21.12 USD
  Expenses:Food:Restaurant                         21.12 USD

2012-01-24 balance Liabilities:US:Chase:Slate    -167.91 USD

2012-01-24 * "Chichipotle" | "Eating out after work"
  Liabilities:US:Chase:Slate                      -41.63 USD
  Expenses:Food:Restaurant                         41.63 USD

2012-01-29 * "Cafe Modagor" | "Eating out "
  Liabilities:US:Chase:Slate                      -18.89 USD
  Expenses:Food:Restaurant                         18.89 USD

2012-01-31 * "Chichipotle" | "Eating out with Joe"
  Liabilities:US:Chase:Slate                      -12.94 USD
  Expenses:Food:Restaurant                         12.94 USD

2012-02-02 * "Uncle Boons" | "Eating out with Bill"
  Liabilities:US:Chase:Slate                      -16.37 USD
  Expenses:Food:Restaurant                         16.37 USD

2012-02-02 * "Metro Transport Authority" | "Tram tickets"
  Liabilities:US:Chase:Slate                     -120.00 USD
  Expenses:Transport:Tram                         120.00 USD

2012-02-04 * "Onion Market" | "Buying groceries"
  Liabilities:US:Chase:Slate                      -74.28 USD
  Expenses:Food:Groceries                          74.28 USD

2012-02-06 * "Kin Soy" | "Eating out alone"
  Liabilities:US:Chase:Slate                      -39.36 USD
  Expenses:Food:Restaurant                         39.36 USD

2012-02-09 * "Rose Flower" | "Eating out with Joe"
  Liabilities:US:Chase:Slate                      -32.95 USD
  Expenses:Food:Restaurant                         32.95 USD

2012-02-09 * "Chase:Slate" | "Paying off credit card"
  Liabilities:US:Chase:Slate                      524.33 USD
  Assets:US:BofA:Checking                        -524.33 USD

2012-02-12 * "Chichipotle" | "Eating out with Natasha"
  Liabilities:US:Chase:Slate                      -15.73 USD
  Expenses:Food:Restaurant                         15.73 USD

2012-02-15 * "Cafe Modagor" | "Eating out with Joe"
  Liabilities:US:Chase:Slate                      -13.61 USD
  Expenses:Food:Restaurant                         13.61 USD

2012-02-16 * "Cafe Modagor" | "Eating out with Julie"
  Liabilities:US:Chase:Slate                      -40.20 USD
  Expenses:Food:Restaurant                         40.20 USD

2012-02-18 * "Kin Soy" | "Eating out with Natasha"
  Liabilities:US:Chase:Slate                      -25.19 USD
  Expenses:Food:Restaurant                         25.19 USD

2012-02-20 balance Liabilities:US:Chase:Slate     -94.73 USD

2012-02-22 * "Uncle Boons" | "Eating out "
  Liabilities:US:Chase:Slate                      -60.08 USD
  Expenses:Food:Restaurant                         60.08 USD

2012-02-24 * "Farmer Fresh" | "Buying groceries"
  Liabilities:US:Chase:Slate                     -110.36 USD
  Expenses:Food:Groceries                         110.36 USD

2012-02-25 * "Cafe Modagor" | "Eating out alone"
  Liabilities:US:Chase:Slate                      -31.70 USD
  Expenses:Food:Restaurant                         31.70 USD

2012-02-29 * "China Garden" | "Eating out "
  Liabilities:US:Chase:Slate                      -32.29 USD
  Expenses:Food:Restaurant                         32.29 USD

2012-02-29 * "Metro Transport Authority" | "Tram tickets"
  Liabilities:US:Chase:Slate                     -120.00 USD
  Expenses:Transport:Tram                         120.00 USD

2012-03-04 * "China Garden" | "Eating out "
  Liabilities:US:Chase:Slate                      -20.44 USD
  Expenses:Food:Restaurant                         20.44 USD

2012-03-05 * "Rose Flower" | "Eating out with Julie"
  Liabilities:US:Chase:Slate                      -28.67 USD
  Expenses:Food:Restaurant                         28.67 USD

2012-03-06 * "Cafe Modagor" | "Eating out with Natasha"
  Liabilities:US:Chase:Slate                      -25.43 USD
  Expenses:Food:Restaurant                         25.43 USD

2012-03-08 * "Farmer Fresh" | "Buying groceries"
  Liabilities:US:Chase:Slate                      -63.57 USD
  Expenses:Food:Groceries                          63.57 USD

2012-03-10 * "Goba Goba" | "Eating out with work buddies"
  Liabilities:US:Chase:Slate                      -71.20 USD
  Expenses:Food:Restaurant                         71.20 USD

2012-03-11 * "Chase:Slate" | "Paying off credit card"
  Liabilities:US:Chase:Slate                      676.50 USD
  Assets:US:BofA:Checking                        -676.50 USD

2012-03-12 * "Jewel of Morroco" | "Eating out with Bill"
  Liabilities:US:Chase:Slate                      -18.03 USD
  Expenses:Food:Restaurant                         18.03 USD

2012-03-15 * "Goba Goba" | "Eating out "
  Liabilities:US:Chase:Slate                      -17.66 USD
  Expenses:Food:Restaurant                         17.66 USD

2012-03-17 * "Chichipotle" | "Eating out after work"
  Liabilities:US:Chase:Slate                      -30.58 USD
  Expenses:Food:Restaurant                         30.58 USD

2012-03-21 balance Liabilities:US:Chase:Slate     -48.24 USD

2012-03-21 * "Kin Soy" | "Eating out "
  Liabilities:US:Chase:Slate                      -27.16 USD
  Expenses:Food:Restaurant                         27.16 USD

2012-03-23 * "Rose Flower" | "Eating out with Julie"
  Liabilities:US:Chase:Slate                      -31.96 USD
  Expenses:Food:Restaurant                         31.96 USD

2012-03-23 * "Farmer Fresh" | "Buying groceries"
  Liabilities:US:Chase:Slate                     -109.31 USD
  Expenses:Food:Groceries                         109.31 USD

2012-03-24 * "Goba Goba" | "Eating out with Julie"
  Liabilities:US:Chase:Slate                      -45.00 USD
  Expenses:Food:Restaurant                         45.00 USD

2012-03-27 * "Metro Transport Authority" | "Tram tickets"
  Liabilities:US:Chase:Slate                     -120.00 USD
  Expenses:Transport:Tram                         120.00 USD

2012-03-29 * "Uncle Boons" | "Eating out after work"
  Liabilities:US:Chase:Slate                      -25.71 USD
  Expenses:Food:Restaurant                         25.71 USD

2012-04-02 * "Jewel of Morroco" | "Eating out "
  Liabilities:US:Chase:Slate                      -27.73 USD
  Expenses:Food:Restaurant                         27.73 USD

2012-04-06 * "Uncle Boons" | "Eating out with Joe"
  Liabilities:US:Chase:Slate                      -21.67 USD
  Expenses:Food:Restaurant                         21.67 USD

2012-04-07 * "Rose Flower" | "Eating out with Bill"
  Liabilities:US:Chase:Slate                      -18.59 USD
  Expenses:Food:Restaurant                         18.59 USD

2012-04-07 * "Chase:Slate" | "Paying off credit card"
  Liabilities:US:Chase:Slate                      475.37 USD
  Assets:US:BofA:Checking                        -475.37 USD

2012-04-08 * "Jewel of Morroco" | "Eating out with Julie"
  Liabilities:US:Chase:Slate                      -56.00 USD
  Expenses:Food:Restaurant                         56.00 USD

2012-04-11 * "Onion Market" | "Buying groceries"
  Liabilities:US:Chase:Slate                     -108.81 USD
  Expenses:Food:Groceries                         108.81 USD

2012-04-12 balance Liabilities:US:Chase:Slate    -164.81 USD

2012-04-12 * "Cafe Modagor" | "Eating out after work"
  Liabilities:US:Chase:Slate                      -17.39 USD
  Expenses:Food:Restaurant                         17.39 USD

2012-04-15 * "Rose Flower" | "Eating out with Joe"
  Liabilities:US:Chase:Slate                      -37.93 USD
  Expenses:Food:Restaurant                         37.93 USD

2012-04-17 * "China Garden" | "Eating out with Julie"
  Liabilities:US:Chase:Slate                      -26.73 USD
  Expenses:Food:Restaurant                         26.73 USD

2012-04-18 * "Good Moods Market" | "Buying groceries"
  Liabilities:US:Chase:Slate                      -65.88 USD
  Expenses:Food:Groceries                          65.88 USD

2012-04-19 * "Uncle Boons" | "Eating out alone"
  Liabilities:US:Chase:Slate                      -15.84 USD
  Expenses:Food:Restaurant                         15.84 USD

2012-04-22 * "Rose Flower" | "Eating out with work buddies"
  Liabilities:US:Chase:Slate                      -27.22 USD
  Expenses:Food:Restaurant                         27.22 USD

2012-04-26 * "Metro Transport Authority" | "Tram tickets"
  Liabilities:US:Chase:Slate                     -120.00 USD
  Expenses:Transport:Tram                         120.00 USD

2012-04-27 * "Rose Flower" | "Eating out alone"
  Liabilities:US:Chase:Slate                      -17.28 USD
  Expenses:Food:Restaurant                         17.28 USD

2012-05-01 * "Kin Soy" | "Eating out with Natasha"
  Liabilities:US:Chase:Slate                      -29.08 USD
  Expenses:Food:Restaurant                         29.08 USD

2012-05-02 * "Farmer Fresh" | "Buying groceries"
  Liabilities:US:Chase:Slate                      -79.09 USD
  Expenses:Food:Groceries                          79.09 USD

2012-05-03 * "Cafe Modagor" | "Eating out alone"
  Liabilities:US:Chase:Slate                      -14.31 USD
  Expenses:Food:Restaurant                         14.31 USD

2012-05-05 balance Liabilities:US:Chase:Slate    -615.56 USD

2012-05-08 * "Goba Goba" | "Eating out with Julie"
  Liabilities:US:Chase:Slate                      -84.76 USD
  Expenses:Food:Restaurant                         84.76 USD

2012-05-11 * "Chase:Slate" | "Paying off credit card"
  Liabilities:US:Chase:Slate                      723.98 USD
  Assets:US:BofA:Checking                        -723.98 USD

2012-05-12 * "Cafe Modagor" | "Eating out with work buddies"
  Liabilities:US:Chase:Slate                      -23.66 USD
  Expenses:Food:Restaurant                         23.66 USD

2012-05-16 * "Farmer Fresh" | "Buying groceries"
  Liabilities:US:Chase:Slate                      -87.73 USD
  Expenses:Food:Groceries                          87.73 USD

2012-05-17 * "Chichipotle" | "Eating out "
  Liabilities:US:Chase:Slate                      -31.09 USD
  Expenses:Food:Restaurant                         31.09 USD

2012-05-22 * "Cafe Modagor" | "Eating out with Natasha"
  Liabilities:US:Chase:Slate                      -34.11 USD
  Expenses:Food:Restaurant                         34.11 USD

2012-05-24 * "Rose Flower" | "Eating out alone"
  Liabilities:US:Chase:Slate                      -37.22 USD
  Expenses:Food:Restaurant                         37.22 USD

2012-05-25 * "China Garden" | "Eating out with Julie"
  Liabilities:US:Chase:Slate                      -14.29 USD
  Expenses:Food:Restaurant                         14.29 USD

2012-05-28 * "Metro Transport Authority" | "Tram tickets"
  Liabilities:US:Chase:Slate                     -120.00 USD
  Expenses:Transport:Tram                         120.00 USD

2012-05-30 balance Liabilities:US:Chase:Slate    -324.44 USD

2012-05-30 * "Cafe Modagor" | "Eating out with work buddies"
  Liabilities:US:Chase:Slate                      -34.63 USD
  Expenses:Food:Restaurant                         34.63 USD

2012-06-02 * "Goba Goba" | "Eating out with Bill"
  Liabilities:US:Chase:Slate                      -18.22 USD
  Expenses:Food:Restaurant                         18.22 USD

2012-06-02 * "Corner Deli" | "Buying groceries"
  Liabilities:US:Chase:Slate                      -88.16 USD
  Expenses:Food:Groceries                          88.16 USD

2012-06-03 * "Rose Flower" | "Eating out with Bill"
  Liabilities:US:Chase:Slate                      -31.70 USD
  Expenses:Food:Restaurant                         31.70 USD

2012-06-07 * "Goba Goba" | "Eating out with Julie"
  Liabilities:US:Chase:Slate                      -22.42 USD
  Expenses:Food:Restaurant                         22.42 USD

2012-06-07 * "Chase:Slate" | "Paying off credit card"
  Liabilities:US:Chase:Slate                      519.57 USD
  Assets:US:BofA:Checking                        -519.57 USD

2012-06-11 * "Kin Soy" | "Eating out with Bill"
  Liabilities:US:Chase:Slate                      -35.17 USD
  Expenses:Food:Restaurant                         35.17 USD

2012-06-13 * "Goba Goba" | "Eating out "
  Liabilities:US:Chase:Slate                      -39.68 USD
  Expenses:Food:Restaurant                         39.68 USD

2012-06-14 * "China Garden" | "Eating out "
  Liabilities:US:Chase:Slate                      -32.59 USD
  Expenses:Food:Restaurant                         32.59 USD

2012-06-16 * "Good Moods Market" | "Buying groceries"
  Liabilities:US:Chase:Slate                      -52.42 USD
  Expenses:Food:Groceries                          52.42 USD

2012-06-18 * "Chichipotle" | "Eating out after work"
  Liabilities:US:Chase:Slate                      -31.42 USD
  Expenses:Food:Restaurant                         31.42 USD

2012-06-19 * "China Garden" | "Eating out with work buddies"
  Liabilities:US:Chase:Slate                      -19.65 USD
  Expenses:Food:Restaurant                         19.65 USD

2012-06-23 * "Kin Soy" | "Eating out after work"
  Liabilities:US:Chase:Slate                      -44.31 USD
  Expenses:Food:Restaurant                         44.31 USD

2012-06-24 * "Metro Transport Authority" | "Tram tickets"
  Liabilities:US:Chase:Slate                     -120.00 USD
  Expenses:Transport:Tram                         120.00 USD

2012-06-27 * "Uncle Boons" | "Eating out after work"
  Liabilities:US:Chase:Slate                      -42.33 USD
  Expenses:Food:Restaurant                         42.33 USD

2012-06-29 balance Liabilities:US:Chase:Slate    -417.57 USD

2012-06-29 * "Rose Flower" | "Eating out with Bill"
  Liabilities:US:Chase:Slate                      -24.30 USD
  Expenses:Food:Restaurant                         24.30 USD

2012-07-02 * "Rose Flower" | "Eating out after work"
  Liabilities:US:Chase:Slate                      -17.29 USD
  Expenses:Food:Restaurant                         17.29 USD

2012-07-02 * "Corner Deli" | "Buying groceries"
  Liabilities:US:Chase:Slate                      -55.18 USD
  Expenses:Food:Groceries                          55.18 USD

2012-07-03 event "location" "Chicago"

2012-07-06 * "Star of Siam" | "" #trip-chicago-2012
  Liabilities:US:Chase:Slate                      -22.60 USD
  Expenses:Food:Restaurant                         22.60 USD

2012-07-06 * "Mercadito" | "" #trip-chicago-2012
  Liabilities:US:Chase:Slate                      -39.12 USD
  Expenses:Food:Restaurant                         39.12 USD

2012-07-06 * "25 Degrees Burger Bar" | "" #trip-chicago-2012
  Liabilities:US:Chase:Slate                      -21.11 USD
  Expenses:Food:Restaurant                         21.11 USD

2012-07-08 * "Mercadito" | "" #trip-chicago-2012
  Liabilities:US:Chase:Slate                      -36.08 USD
  Expenses:Food:Restaurant                         36.08 USD

2012-07-08 * "Eataly Chicago" | "" #trip-chicago-2012
  Liabilities:US:Chase:Slate                      -39.03 USD
  Expenses:Food:Restaurant                         39.03 USD

2012-07-10 * "Eataly Chicago" | "" #trip-chicago-2012
  Liabilities:US:Chase:Slate                      -60.43 USD
  Expenses:Food:Restaurant                         60.43 USD

2012-07-10 * "Chase:Slate" | "Paying off credit card"
  Liabilities:US:Chase:Slate                      563.61 USD
  Assets:US:BofA:Checking                        -563.61 USD

2012-07-11 * "Star of Siam" | "" #trip-chicago-2012
  Liabilities:US:Chase:Slate                      -21.71 USD
  Expenses:Food:Restaurant                         21.71 USD

2012-07-11 * "25 Degrees Burger Bar" | "" #trip-chicago-2012
  Liabilities:US:Chase:Slate                      -20.69 USD
  Expenses:Food:Restaurant                         20.69 USD

2012-07-12 * "Another Sports Pub" | "" #trip-chicago-2012
  Liabilities:US:Chase:Slate                      -14.18 USD
  Expenses:Food:Alcohol                            14.18 USD

2012-07-12 * "Argo Tea" | "" #trip-chicago-2012
  Liabilities:US:Chase:Slate                       -4.98 USD
  Expenses:Food:Coffee                              4.98 USD

2012-07-13 * "Star of Siam" | "" #trip-chicago-2012
  Liabilities:US:Chase:Slate                      -22.52 USD
  Expenses:Food:Restaurant                         22.52 USD

2012-07-13 * "25 Degrees Burger Bar" | "" #trip-chicago-2012
  Liabilities:US:Chase:Slate                      -24.03 USD
  Expenses:Food:Restaurant                         24.03 USD

2012-07-14 event "location" "New Metropolis"

2012-07-15 * "Goba Goba" | "Eating out with Joe"
  Liabilities:US:Chase:Slate                      -49.27 USD
  Expenses:Food:Restaurant                         49.27 USD

2012-07-17 * "Good Moods Market" | "Buying groceries"
  Liabilities:US:Chase:Slate                      -55.43 USD
  Expenses:Food:Groceries                          55.43 USD

2012-07-19 balance Liabilities:US:Chase:Slate    -381.91 USD

2012-07-20 * "Cafe Modagor" | "Eating out after work"
  Liabilities:US:Chase:Slate                      -31.11 USD
  Expenses:Food:Restaurant                         31.11 USD

2012-07-22 * "Goba Goba" | "Eating out with Natasha"
  Liabilities:US:Chase:Slate                      -38.77 USD
  Expenses:Food:Restaurant                         38.77 USD

2012-07-22 * "Good Moods Market" | "Buying groceries"
  Liabilities:US:Chase:Slate                     -111.78 USD
  Expenses:Food:Groceries                         111.78 USD

2012-07-24 * "Metro Transport Authority" | "Tram tickets"
  Liabilities:US:Chase:Slate                     -120.00 USD
  Expenses:Transport:Tram                         120.00 USD

2012-07-26 * "Chichipotle" | "Eating out with Bill"
  Liabilities:US:Chase:Slate                      -62.86 USD
  Expenses:Food:Restaurant                         62.86 USD

2012-07-31 * "Rose Flower" | "Eating out with Joe"
  Liabilities:US:Chase:Slate                      -32.99 USD
  Expenses:Food:Restaurant                         32.99 USD

2012-08-04 * "Chichipotle" | "Eating out with Julie"
  Liabilities:US:Chase:Slate                      -20.04 USD
  Expenses:Food:Restaurant                         20.04 USD

2012-08-05 * "Onion Market" | "Buying groceries"
  Liabilities:US:Chase:Slate                      -74.78 USD
  Expenses:Food:Groceries                          74.78 USD

2012-08-08 balance Liabilities:US:Chase:Slate    -874.24 USD

2012-08-09 * "China Garden" | "Eating out with work buddies"
  Liabilities:US:Chase:Slate                      -20.53 USD
  Expenses:Food:Restaurant                         20.53 USD

2012-08-10 * "Chase:Slate" | "Paying off credit card"
  Liabilities:US:Chase:Slate                      599.19 USD
  Assets:US:BofA:Checking                        -599.19 USD

2012-08-13 * "Rose Flower" | "Eating out with work buddies"
  Liabilities:US:Chase:Slate                      -30.90 USD
  Expenses:Food:Restaurant                         30.90 USD

2012-08-14 * "China Garden" | "Eating out "
  Liabilities:US:Chase:Slate                      -26.87 USD
  Expenses:Food:Restaurant                         26.87 USD

2012-08-15 * "Kin Soy" | "Eating out after work"
  Liabilities:US:Chase:Slate                      -38.70 USD
  Expenses:Food:Restaurant                         38.70 USD

2012-08-15 * "Onion Market" | "Buying groceries"
  Liabilities:US:Chase:Slate                      -73.02 USD
  Expenses:Food:Groceries                          73.02 USD

2012-08-19 * "Kin Soy" | "Eating out after work"
  Liabilities:US:Chase:Slate                      -18.82 USD
  Expenses:Food:Restaurant                         18.82 USD

2012-08-21 * "Rose Flower" | "Eating out with Bill"
  Liabilities:US:Chase:Slate                      -18.82 USD
  Expenses:Food:Restaurant                         18.82 USD

2012-08-23 * "Metro Transport Authority" | "Tram tickets"
  Liabilities:US:Chase:Slate                     -120.00 USD
  Expenses:Transport:Tram                         120.00 USD

2012-08-24 * "Chichipotle" | "Eating out alone"
  Liabilities:US:Chase:Slate                      -23.27 USD
  Expenses:Food:Restaurant                         23.27 USD

2012-08-29 * "Rose Flower" | "Eating out "
  Liabilities:US:Chase:Slate                      -28.31 USD
  Expenses:Food:Restaurant                         28.31 USD

2012-08-31 * "Kin Soy" | "Eating out with Natasha"
  Liabilities:US:Chase:Slate                      -42.10 USD
  Expenses:Food:Restaurant                         42.10 USD

2012-09-04 * "Corner Deli" | "Buying groceries"
  Liabilities:US:Chase:Slate                      -97.47 USD
  Expenses:Food:Groceries                          97.47 USD

2012-09-05 * "Goba Goba" | "Eating out with Natasha"
  Liabilities:US:Chase:Slate                      -45.68 USD
  Expenses:Food:Restaurant                         45.68 USD

2012-09-07 balance Liabilities:US:Chase:Slate    -859.54 USD

2012-09-07 * "Jewel of Morroco" | "Eating out alone"
  Liabilities:US:Chase:Slate                      -77.57 USD
  Expenses:Food:Restaurant                         77.57 USD

2012-09-10 * "China Garden" | "Eating out after work"
  Liabilities:US:Chase:Slate                      -24.42 USD
  Expenses:Food:Restaurant                         24.42 USD

2012-09-11 * "Chase:Slate" | "Paying off credit card"
  Liabilities:US:Chase:Slate                      673.63 USD
  Assets:US:BofA:Checking                        -673.63 USD

2012-09-12 * "Rose Flower" | "Eating out with Bill"
  Liabilities:US:Chase:Slate                      -38.58 USD
  Expenses:Food:Restaurant                         38.58 USD

2012-09-17 * "Jewel of Morroco" | "Eating out with Julie"
  Liabilities:US:Chase:Slate                      -25.81 USD
  Expenses:Food:Restaurant                         25.81 USD

2012-09-18 * "Chichipotle" | "Eating out with Joe"
  Liabilities:US:Chase:Slate                      -22.34 USD
  Expenses:Food:Restaurant                         22.34 USD

2012-09-20 * "Jewel of Morroco" | "Eating out with Natasha"
  Liabilities:US:Chase:Slate                      -32.04 USD
  Expenses:Food:Restaurant                         32.04 USD

2012-09-21 * "Corner Deli" | "Buying groceries"
  Liabilities:US:Chase:Slate                      -69.51 USD
  Expenses:Food:Groceries                          69.51 USD

2012-09-22 * "Metro Transport Authority" | "Tram tickets"
  Liabilities:US:Chase:Slate                     -120.00 USD
  Expenses:Transport:Tram                         120.00 USD

2012-09-25 * "Cafe Modagor" | "Eating out with Julie"
  Liabilities:US:Chase:Slate                      -26.06 USD
  Expenses:Food:Restaurant                         26.06 USD

2012-09-27 * "Jewel of Morroco" | "Eating out with work buddies"
  Liabilities:US:Chase:Slate                      -28.70 USD
  Expenses:Food:Restaurant                         28.70 USD

2012-09-30 * "China Garden" | "Eating out with Natasha"
  Liabilities:US:Chase:Slate                      -25.05 USD
  Expenses:Food:Restaurant                         25.05 USD

2012-10-03 * "Jewel of Morroco" | "Eating out alone"
  Liabilities:US:Chase:Slate                      -14.46 USD
  Expenses:Food:Restaurant                         14.46 USD

2012-10-03 * "Good Moods Market" | "Buying groceries"
  Liabilities:US:Chase:Slate                     -114.09 USD
  Expenses:Food:Groceries                         114.09 USD

2012-10-04 balance Liabilities:US:Chase:Slate    -804.54 USD

2012-10-04 * "Goba Goba" | "Eating out with work buddies"
  Liabilities:US:Chase:Slate                      -32.80 USD
  Expenses:Food:Restaurant                         32.80 USD

2012-10-07 * "Goba Goba" | "Eating out with Joe"
  Liabilities:US:Chase:Slate                      -43.52 USD
  Expenses:Food:Restaurant                         43.52 USD

2012-10-08 * "Cafe Modagor" | "Eating out with Julie"
  Liabilities:US:Chase:Slate                      -32.18 USD
  Expenses:Food:Restaurant                         32.18 USD

2012-10-09 * "Rose Flower" | "Eating out after work"
  Liabilities:US:Chase:Slate                      -37.59 USD
  Expenses:Food:Restaurant                         37.59 USD

2012-10-09 * "Chase:Slate" | "Paying off credit card"
  Liabilities:US:Chase:Slate                      624.15 USD
  Assets:US:BofA:Checking                        -624.15 USD

2012-10-13 * "Goba Goba" | "Eating out alone"
  Liabilities:US:Chase:Slate                      -38.68 USD
  Expenses:Food:Restaurant                         38.68 USD

2012-10-16 * "Chichipotle" | "Eating out with Joe"
  Liabilities:US:Chase:Slate                      -30.29 USD
  Expenses:Food:Restaurant                         30.29 USD

2012-10-20 * "Onion Market" | "Buying groceries"
  Liabilities:US:Chase:Slate                     -107.33 USD
  Expenses:Food:Groceries                         107.33 USD

2012-10-21 * "Jewel of Morroco" | "Eating out with Bill"
  Liabilities:US:Chase:Slate                      -14.70 USD
  Expenses:Food:Restaurant                         14.70 USD

2012-10-24 * "Kin Soy" | "Eating out with work buddies"
  Liabilities:US:Chase:Slate                      -21.07 USD
  Expenses:Food:Restaurant                         21.07 USD

2012-10-24 * "Metro Transport Authority" | "Tram tickets"
  Liabilities:US:Chase:Slate                     -120.00 USD
  Expenses:Transport:Tram                         120.00 USD

2012-10-27 * "Chichipotle" | "Eating out with Bill"
  Liabilities:US:Chase:Slate                      -36.16 USD
  Expenses:Food:Restaurant                         36.16 USD

2012-10-29 balance Liabilities:US:Chase:Slate    -694.71 USD

2012-10-31 * "Goba Goba" | "Eating out with Joe"
  Liabilities:US:Chase:Slate                      -31.17 USD
  Expenses:Food:Restaurant                         31.17 USD

2012-11-03 * "Chichipotle" | "Eating out with Bill"
  Liabilities:US:Chase:Slate                      -36.28 USD
  Expenses:Food:Restaurant                         36.28 USD

2012-11-05 * "Farmer Fresh" | "Buying groceries"
  Liabilities:US:Chase:Slate                      -54.63 USD
  Expenses:Food:Groceries                          54.63 USD

2012-11-06 * "Cafe Modagor" | "Eating out with Natasha"
  Liabilities:US:Chase:Slate                      -16.43 USD
  Expenses:Food:Restaurant                         16.43 USD

2012-11-08 * "Chase:Slate" | "Paying off credit card"
  Liabilities:US:Chase:Slate                      542.44 USD
  Assets:US:BofA:Checking                        -542.44 USD

2012-11-10 * "Jewel of Morroco" | "Eating out after work"
  Liabilities:US:Chase:Slate                      -35.70 USD
  Expenses:Food:Restaurant                         35.70 USD

2012-11-11 * "Kin Soy" | "Eating out with Joe"
  Liabilities:US:Chase:Slate                      -23.31 USD
  Expenses:Food:Restaurant                         23.31 USD

2012-11-12 * "Good Moods Market" | "Buying groceries"
  Liabilities:US:Chase:Slate                      -83.21 USD
  Expenses:Food:Groceries                          83.21 USD

2012-11-15 * "Rose Flower" | "Eating out with Bill"
  Liabilities:US:Chase:Slate                      -41.97 USD
  Expenses:Food:Restaurant                         41.97 USD

2012-11-18 * "Uncle Boons" | "Eating out with work buddies"
  Liabilities:US:Chase:Slate                      -26.76 USD
  Expenses:Food:Restaurant                         26.76 USD

2012-11-20 * "Farmer Fresh" | "Buying groceries"
  Liabilities:US:Chase:Slate                      -92.12 USD
  Expenses:Food:Groceries                          92.12 USD

2012-11-21 * "Metro Transport Authority" | "Tram tickets"
  Liabilities:US:Chase:Slate                     -120.00 USD
  Expenses:Transport:Tram                         120.00 USD

2012-11-23 * "Rose Flower" | "Eating out "
  Liabilities:US:Chase:Slate                      -46.79 USD
  Expenses:Food:Restaurant                         46.79 USD

2012-11-26 balance Liabilities:US:Chase:Slate    -760.64 USD

2012-11-26 * "Cafe Modagor" | "Eating out with Natasha"
  Liabilities:US:Chase:Slate                      -21.11 USD
  Expenses:Food:Restaurant                         21.11 USD

2012-11-27 * "Rose Flower" | "Eating out after work"
  Liabilities:US:Chase:Slate                      -26.45 USD
  Expenses:Food:Restaurant                         26.45 USD

2012-12-01 * "Chichipotle" | "Eating out with Natasha"
  Liabilities:US:Chase:Slate                      -66.52 USD
  Expenses:Food:Restaurant                         66.52 USD

2012-12-02 * "Rose Flower" | "Eating out with Natasha"
  Liabilities:US:Chase:Slate                      -31.27 USD
  Expenses:Food:Restaurant                         31.27 USD

2012-12-03 * "Uncle Boons" | "Eating out with Joe"
  Liabilities:US:Chase:Slate                      -29.39 USD
  Expenses:Food:Restaurant                         29.39 USD

2012-12-04 * "Goba Goba" | "Eating out with Bill"
  Liabilities:US:Chase:Slate                      -27.10 USD
  Expenses:Food:Restaurant                         27.10 USD

2012-12-06 * "China Garden" | "Eating out with Joe"
  Liabilities:US:Chase:Slate                      -37.80 USD
  Expenses:Food:Restaurant                         37.80 USD

2012-12-08 * "Good Moods Market" | "Buying groceries"
  Liabilities:US:Chase:Slate                      -55.88 USD
  Expenses:Food:Groceries                          55.88 USD

2012-12-08 * "Chase:Slate" | "Paying off credit card"
  Liabilities:US:Chase:Slate                      729.68 USD
  Assets:US:BofA:Checking                        -729.68 USD

2012-12-10 * "Uncle Boons" | "Eating out after work"
  Liabilities:US:Chase:Slate                      -27.37 USD
  Expenses:Food:Restaurant                         27.37 USD

2012-12-12 * "Jewel of Morroco" | "Eating out "
  Liabilities:US:Chase:Slate                      -49.49 USD
  Expenses:Food:Restaurant                         49.49 USD

2012-12-15 * "Rose Flower" | "Eating out with Bill"
  Liabilities:US:Chase:Slate                      -40.65 USD
  Expenses:Food:Restaurant                         40.65 USD

2012-12-16 * "Good Moods Market" | "Buying groceries"
  Liabilities:US:Chase:Slate                      -61.71 USD
  Expenses:Food:Groceries                          61.71 USD

2012-12-20 * "Goba Goba" | "Eating out with Joe"
  Liabilities:US:Chase:Slate                      -17.07 USD
  Expenses:Food:Restaurant                         17.07 USD

2012-12-21 * "Rose Flower" | "Eating out with Natasha"
  Liabilities:US:Chase:Slate                      -47.53 USD
  Expenses:Food:Restaurant                         47.53 USD

2012-12-22 balance Liabilities:US:Chase:Slate    -570.30 USD

2012-12-23 * "Farmer Fresh" | "Buying groceries"
  Liabilities:US:Chase:Slate                     -100.89 USD
  Expenses:Food:Groceries                         100.89 USD

2012-12-23 * "Metro Transport Authority" | "Tram tickets"
  Liabilities:US:Chase:Slate                     -120.00 USD
  Expenses:Transport:Tram                         120.00 USD

2012-12-26 * "Rose Flower" | "Eating out alone"
  Liabilities:US:Chase:Slate                      -42.56 USD
  Expenses:Food:Restaurant                         42.56 USD

2012-12-30 * "Goba Goba" | "Eating out after work"
  Liabilities:US:Chase:Slate                      -34.89 USD
  Expenses:Food:Restaurant                         34.89 USD

2013-01-04 * "Jewel of Morroco" | "Eating out after work"
  Liabilities:US:Chase:Slate                      -21.60 USD
  Expenses:Food:Restaurant                         21.60 USD

2013-01-05 * "Jewel of Morroco" | "Eating out with Julie"
  Liabilities:US:Chase:Slate                      -27.57 USD
  Expenses:Food:Restaurant                         27.57 USD

2013-01-08 * "Farmer Fresh" | "Buying groceries"
  Liabilities:US:Chase:Slate                      -81.54 USD
  Expenses:Food:Groceries                          81.54 USD

2013-01-08 * "Chase:Slate" | "Paying off credit card"
  Liabilities:US:Chase:Slate                      672.87 USD
  Assets:US:BofA:Checking                        -672.87 USD

2013-01-09 * "Cafe Modagor" | "Eating out with work buddies"
  Liabilities:US:Chase:Slate                      -21.17 USD
  Expenses:Food:Restaurant                         21.17 USD

2013-01-11 balance Liabilities:US:Chase:Slate    -347.65 USD

2013-01-12 * "Chichipotle" | "Eating out with Julie"
  Liabilities:US:Chase:Slate                      -45.95 USD
  Expenses:Food:Restaurant                         45.95 USD

2013-01-15 * "Cafe Modagor" | "Eating out with Joe"
  Liabilities:US:Chase:Slate                      -18.73 USD
  Expenses:Food:Restaurant                         18.73 USD

2013-01-17 * "Jewel of Morroco" | "Eating out with Natasha"
  Liabilities:US:Chase:Slate                      -19.65 USD
  Expenses:Food:Restaurant                         19.65 USD

2013-01-20 * "Metro Transport Authority" | "Tram tickets"
  Liabilities:US:Chase:Slate                     -120.00 USD
  Expenses:Transport:Tram                         120.00 USD

2013-01-21 * "Chichipotle" | "Eating out alone"
  Liabilities:US:Chase:Slate                      -32.71 USD
  Expenses:Food:Restaurant                         32.71 USD

2013-01-22 * "Farmer Fresh" | "Buying groceries"
  Liabilities:US:Chase:Slate                      -54.79 USD
  Expenses:Food:Groceries                          54.79 USD

2013-01-23 * "China Garden" | "Eating out with Bill"
  Liabilities:US:Chase:Slate                      -22.16 USD
  Expenses:Food:Restaurant                         22.16 USD

2013-01-26 * "Kin Soy" | "Eating out with work buddies"
  Liabilities:US:Chase:Slate                      -49.50 USD
  Expenses:Food:Restaurant                         49.50 USD

2013-01-28 * "Rose Flower" | "Eating out with work buddies"
  Liabilities:US:Chase:Slate                      -37.76 USD
  Expenses:Food:Restaurant                         37.76 USD

2013-01-31 balance Liabilities:US:Chase:Slate    -748.90 USD

2013-02-02 * "Jewel of Morroco" | "Eating out with Julie"
  Liabilities:US:Chase:Slate                      -25.81 USD
  Expenses:Food:Restaurant                         25.81 USD

2013-02-05 * "Jewel of Morroco" | "Eating out "
  Liabilities:US:Chase:Slate                      -27.07 USD
  Expenses:Food:Restaurant                         27.07 USD

2013-02-06 * "Jewel of Morroco" | "Eating out with Bill"
  Liabilities:US:Chase:Slate                      -42.02 USD
  Expenses:Food:Restaurant                         42.02 USD

2013-02-07 * "Good Moods Market" | "Buying groceries"
  Liabilities:US:Chase:Slate                      -80.20 USD
  Expenses:Food:Groceries                          80.20 USD

2013-02-07 * "Chase:Slate" | "Paying off credit card"
  Liabilities:US:Chase:Slate                      597.52 USD
  Assets:US:BofA:Checking                        -597.52 USD

2013-02-08 * "Goba Goba" | "Eating out "
  Liabilities:US:Chase:Slate                      -22.47 USD
  Expenses:Food:Restaurant                         22.47 USD

2013-02-11 * "China Garden" | "Eating out with Natasha"
  Liabilities:US:Chase:Slate                      -62.78 USD
  Expenses:Food:Restaurant                         62.78 USD

2013-02-15 * "China Garden" | "Eating out after work"
  Liabilities:US:Chase:Slate                      -38.82 USD
  Expenses:Food:Restaurant                         38.82 USD

2013-02-16 * "Metro Transport Authority" | "Tram tickets"
  Liabilities:US:Chase:Slate                     -120.00 USD
  Expenses:Transport:Tram                         120.00 USD

2013-02-20 * "China Garden" | "Eating out alone"
  Liabilities:US:Chase:Slate                       -9.66 USD
  Expenses:Food:Restaurant                          9.66 USD

2013-02-20 * "Good Moods Market" | "Buying groceries"
  Liabilities:US:Chase:Slate                     -113.81 USD
  Expenses:Food:Groceries                         113.81 USD

2013-02-24 * "Cafe Modagor" | "Eating out with Bill"
  Liabilities:US:Chase:Slate                      -37.65 USD
  Expenses:Food:Restaurant                         37.65 USD

2013-02-26 * "Kin Soy" | "Eating out with Natasha"
  Liabilities:US:Chase:Slate                      -31.20 USD
  Expenses:Food:Restaurant                         31.20 USD

2013-02-28 balance Liabilities:US:Chase:Slate    -762.87 USD

2013-03-01 * "Cafe Modagor" | "Eating out with Joe"
  Liabilities:US:Chase:Slate                      -42.15 USD
  Expenses:Food:Restaurant                         42.15 USD

2013-03-02 * "China Garden" | "Eating out with Natasha"
  Liabilities:US:Chase:Slate                      -19.72 USD
  Expenses:Food:Restaurant                         19.72 USD

2013-03-02 * "Good Moods Market" | "Buying groceries"
  Liabilities:US:Chase:Slate                      -57.01 USD
  Expenses:Food:Groceries                          57.01 USD

2013-03-06 * "Kin Soy" | "Eating out with Bill"
  Liabilities:US:Chase:Slate                      -22.22 USD
  Expenses:Food:Restaurant                         22.22 USD

2013-03-07 * "Chase:Slate" | "Paying off credit card"
  Liabilities:US:Chase:Slate                      619.68 USD
  Assets:US:BofA:Checking                        -619.68 USD

2013-03-11 * "Goba Goba" | "Eating out with Joe"
  Liabilities:US:Chase:Slate                      -42.19 USD
  Expenses:Food:Restaurant                         42.19 USD

2013-03-13 * "Kin Soy" | "Eating out "
  Liabilities:US:Chase:Slate                      -51.76 USD
  Expenses:Food:Restaurant                         51.76 USD

2013-03-15 * "Corner Deli" | "Buying groceries"
  Liabilities:US:Chase:Slate                      -97.95 USD
  Expenses:Food:Groceries                          97.95 USD

2013-03-15 * "Metro Transport Authority" | "Tram tickets"
  Liabilities:US:Chase:Slate                     -120.00 USD
  Expenses:Transport:Tram                         120.00 USD

2013-03-17 * "Goba Goba" | "Eating out "
  Liabilities:US:Chase:Slate                      -20.16 USD
  Expenses:Food:Restaurant                         20.16 USD

2013-03-20 balance Liabilities:US:Chase:Slate    -616.35 USD

2013-03-22 * "Jewel of Morroco" | "Eating out after work"
  Liabilities:US:Chase:Slate                      -18.25 USD
  Expenses:Food:Restaurant                         18.25 USD

2013-03-24 * "Cafe Modagor" | "Eating out with work buddies"
  Liabilities:US:Chase:Slate                      -30.26 USD
  Expenses:Food:Restaurant                         30.26 USD

2013-03-29 * "Uncle Boons" | "Eating out with Bill"
  Liabilities:US:Chase:Slate                      -29.43 USD
  Expenses:Food:Restaurant                         29.43 USD

2013-03-30 * "Farmer Fresh" | "Buying groceries"
  Liabilities:US:Chase:Slate                      -55.39 USD
  Expenses:Food:Groceries                          55.39 USD

2013-03-31 * "Goba Goba" | "Eating out "
  Liabilities:US:Chase:Slate                      -31.04 USD
  Expenses:Food:Restaurant                         31.04 USD

2013-04-01 * "Jewel of Morroco" | "Eating out with Natasha"
  Liabilities:US:Chase:Slate                      -55.56 USD
  Expenses:Food:Restaurant                         55.56 USD

2013-04-03 event "location" "New York"

2013-04-04 * "Cafe Select" | "" #trip-new-york-2013
  Liabilities:US:Chase:Slate                      -35.27 USD
  Expenses:Food:Restaurant                         35.27 USD

2013-04-04 * "Takahachi" | "" #trip-new-york-2013
  Liabilities:US:Chase:Slate                      -47.65 USD
  Expenses:Food:Restaurant                         47.65 USD

2013-04-04 * "Gimme! Coffee" | "" #trip-new-york-2013
  Liabilities:US:Chase:Slate                       -9.05 USD
  Expenses:Food:Coffee                              9.05 USD

2013-04-05 * "Cafe Select" | "" #trip-new-york-2013
  Liabilities:US:Chase:Slate                      -33.48 USD
  Expenses:Food:Restaurant                         33.48 USD

2013-04-05 * "Laut" | "" #trip-new-york-2013
  Liabilities:US:Chase:Slate                      -37.99 USD
  Expenses:Food:Restaurant                         37.99 USD

2013-04-05 * "La Colombe" | "" #trip-new-york-2013
  Liabilities:US:Chase:Slate                       -7.32 USD
  Expenses:Food:Coffee                              7.32 USD

2013-04-05 * "Gimme! Coffee" | "" #trip-new-york-2013
  Liabilities:US:Chase:Slate                       -5.10 USD
  Expenses:Food:Coffee                              5.10 USD

2013-04-06 * "Takahachi" | "" #trip-new-york-2013
  Liabilities:US:Chase:Slate                      -49.85 USD
  Expenses:Food:Restaurant                         49.85 USD

2013-04-06 * "La Colombe" | "" #trip-new-york-2013
  Liabilities:US:Chase:Slate                       -4.82 USD
  Expenses:Food:Coffee                              4.82 USD

2013-04-07 * "Uncle Boons" | "" #trip-new-york-2013
  Liabilities:US:Chase:Slate                      -44.96 USD
  Expenses:Food:Restaurant                         44.96 USD

2013-04-08 * "Takahachi" | "" #trip-new-york-2013
  Liabilities:US:Chase:Slate                      -38.36 USD
  Expenses:Food:Restaurant                         38.36 USD

2013-04-09 * "Laut" | "" #trip-new-york-2013
  Liabilities:US:Chase:Slate                      -38.14 USD
  Expenses:Food:Restaurant                         38.14 USD

2013-04-09 * "La Colombe" | "" #trip-new-york-2013
  Liabilities:US:Chase:Slate                       -7.43 USD
  Expenses:Food:Coffee                              7.43 USD

2013-04-11 balance Liabilities:US:Chase:Slate                      -1,195.70 USD

2013-04-11 * "Takahachi" | "" #trip-new-york-2013
  Liabilities:US:Chase:Slate                      -46.88 USD
  Expenses:Food:Restaurant                         46.88 USD

2013-04-11 * "Laut" | "" #trip-new-york-2013
  Liabilities:US:Chase:Slate                      -29.52 USD
  Expenses:Food:Restaurant                         29.52 USD

2013-04-11 * "Chase:Slate" | "Paying off credit card"
  Liabilities:US:Chase:Slate                      535.72 USD
  Assets:US:BofA:Checking                        -535.72 USD

2013-04-12 * "Laut" | "" #trip-new-york-2013
  Liabilities:US:Chase:Slate                      -34.08 USD
  Expenses:Food:Restaurant                         34.08 USD

2013-04-13 * "La Colombe" | "" #trip-new-york-2013
  Liabilities:US:Chase:Slate                       -2.62 USD
  Expenses:Food:Coffee                              2.62 USD

2013-04-13 * "Gimme! Coffee" | "" #trip-new-york-2013
  Liabilities:US:Chase:Slate                       -8.55 USD
  Expenses:Food:Coffee                              8.55 USD

2013-04-14 * "Takahachi" | "" #trip-new-york-2013
  Liabilities:US:Chase:Slate                      -43.63 USD
  Expenses:Food:Restaurant                         43.63 USD

2013-04-15 * "Uncle Boons" | "" #trip-new-york-2013
  Liabilities:US:Chase:Slate                      -44.03 USD
  Expenses:Food:Restaurant                         44.03 USD

2013-04-15 * "Cafe Select" | "" #trip-new-york-2013
  Liabilities:US:Chase:Slate                      -31.11 USD
  Expenses:Food:Restaurant                         31.11 USD

2013-04-15 * "La Colombe" | "" #trip-new-york-2013
  Liabilities:US:Chase:Slate                       -7.13 USD
  Expenses:Food:Coffee                              7.13 USD

2013-04-17 * "Gimme! Coffee" | "" #trip-new-york-2013
  Liabilities:US:Chase:Slate                       -4.18 USD
  Expenses:Food:Coffee                              4.18 USD

2013-04-18 * "Uncle Boons" | "" #trip-new-york-2013
  Liabilities:US:Chase:Slate                      -37.97 USD
  Expenses:Food:Restaurant                         37.97 USD

2013-04-18 * "Takahachi" | "" #trip-new-york-2013
  Liabilities:US:Chase:Slate                      -49.18 USD
  Expenses:Food:Restaurant                         49.18 USD

2013-04-18 * "Gimme! Coffee" | "" #trip-new-york-2013
  Liabilities:US:Chase:Slate                       -9.40 USD
  Expenses:Food:Coffee                              9.40 USD

2013-04-19 * "Takahachi" | "" #trip-new-york-2013
  Liabilities:US:Chase:Slate                      -52.31 USD
  Expenses:Food:Restaurant                         52.31 USD

2013-04-19 * "Gimme! Coffee" | "" #trip-new-york-2013
  Liabilities:US:Chase:Slate                       -7.17 USD
  Expenses:Food:Coffee                              7.17 USD

2013-04-20 * "Uncle Boons" | "" #trip-new-york-2013
  Liabilities:US:Chase:Slate                      -39.81 USD
  Expenses:Food:Restaurant                         39.81 USD

2013-04-20 * "La Colombe" | "" #trip-new-york-2013
  Liabilities:US:Chase:Slate                       -5.52 USD
  Expenses:Food:Coffee                              5.52 USD

2013-04-22 * "Uncle Boons" | "" #trip-new-york-2013
  Liabilities:US:Chase:Slate                      -39.19 USD
  Expenses:Food:Restaurant                         39.19 USD

2013-04-22 * "La Colombe" | "" #trip-new-york-2013
  Liabilities:US:Chase:Slate                       -6.17 USD
  Expenses:Food:Coffee                              6.17 USD

2013-04-23 * "Laut" | "" #trip-new-york-2013
  Liabilities:US:Chase:Slate                      -29.32 USD
  Expenses:Food:Restaurant                         29.32 USD

2013-04-24 * "Uncle Boons" | "" #trip-new-york-2013
  Liabilities:US:Chase:Slate                      -41.35 USD
  Expenses:Food:Restaurant                         41.35 USD

2013-04-24 * "Takahachi" | "" #trip-new-york-2013
  Liabilities:US:Chase:Slate                      -47.73 USD
  Expenses:Food:Restaurant                         47.73 USD

2013-04-24 * "Gimme! Coffee" | "" #trip-new-york-2013
  Liabilities:US:Chase:Slate                       -8.38 USD
  Expenses:Food:Coffee                              8.38 USD

2013-04-25 * "Cafe Select" | "" #trip-new-york-2013
  Liabilities:US:Chase:Slate                      -27.51 USD
  Expenses:Food:Restaurant                         27.51 USD

2013-04-25 event "location" "New Metropolis"

2013-04-27 * "Jewel of Morroco" | "Eating out "
  Liabilities:US:Chase:Slate                      -25.92 USD
  Expenses:Food:Restaurant                         25.92 USD

2013-05-02 * "Kin Soy" | "Eating out alone"
  Liabilities:US:Chase:Slate                      -19.83 USD
  Expenses:Food:Restaurant                         19.83 USD

2013-05-07 * "Rose Flower" | "Eating out with Natasha"
  Liabilities:US:Chase:Slate                      -25.28 USD
  Expenses:Food:Restaurant                         25.28 USD

2013-05-07 * "Good Moods Market" | "Buying groceries"
  Liabilities:US:Chase:Slate                      -82.16 USD
  Expenses:Food:Groceries                          82.16 USD

2013-05-09 balance Liabilities:US:Chase:Slate                      -1,465.91 USD

2013-05-11 * "Jewel of Morroco" | "Eating out with Joe"
  Liabilities:US:Chase:Slate                       -9.34 USD
  Expenses:Food:Restaurant                          9.34 USD

2013-05-11 * "Chase:Slate" | "Paying off credit card"
  Liabilities:US:Chase:Slate                      136.61 USD
  Assets:US:BofA:Checking                        -136.61 USD

2013-05-14 * "Metro Transport Authority" | "Tram tickets"
  Liabilities:US:Chase:Slate                     -120.00 USD
  Expenses:Transport:Tram                         120.00 USD

2013-05-16 * "Kin Soy" | "Eating out after work"
  Liabilities:US:Chase:Slate                      -41.23 USD
  Expenses:Food:Restaurant                         41.23 USD

2013-05-18 * "Rose Flower" | "Eating out alone"
  Liabilities:US:Chase:Slate                      -26.52 USD
  Expenses:Food:Restaurant                         26.52 USD

2013-05-23 * "Cafe Modagor" | "Eating out "
  Liabilities:US:Chase:Slate                      -91.85 USD
  Expenses:Food:Restaurant                         91.85 USD

2013-05-24 * "Corner Deli" | "Buying groceries"
  Liabilities:US:Chase:Slate                      -86.26 USD
  Expenses:Food:Groceries                          86.26 USD

2013-05-25 * "Jewel of Morroco" | "Eating out with Natasha"
  Liabilities:US:Chase:Slate                      -49.67 USD
  Expenses:Food:Restaurant                         49.67 USD

2013-05-30 balance Liabilities:US:Chase:Slate                      -1,754.17 USD

2013-05-30 * "Jewel of Morroco" | "Eating out "
  Liabilities:US:Chase:Slate                      -22.37 USD
  Expenses:Food:Restaurant                         22.37 USD

2013-05-30 * "Corner Deli" | "Buying groceries"
  Liabilities:US:Chase:Slate                      -92.97 USD
  Expenses:Food:Groceries                          92.97 USD

2013-05-31 * "Uncle Boons" | "Eating out with Joe"
  Liabilities:US:Chase:Slate                      -27.91 USD
  Expenses:Food:Restaurant                         27.91 USD

2013-06-05 * "Chichipotle" | "Eating out with Bill"
  Liabilities:US:Chase:Slate                      -25.36 USD
  Expenses:Food:Restaurant                         25.36 USD

2013-06-08 * "Chase:Slate" | "Paying off credit card"
  Liabilities:US:Chase:Slate                      614.62 USD
  Assets:US:BofA:Checking                        -614.62 USD

2013-06-10 * "Cafe Modagor" | "Eating out with work buddies"
  Liabilities:US:Chase:Slate                      -30.48 USD
  Expenses:Food:Restaurant                         30.48 USD

2013-06-10 * "Metro Transport Authority" | "Tram tickets"
  Liabilities:US:Chase:Slate                     -120.00 USD
  Expenses:Transport:Tram                         120.00 USD

2013-06-11 * "Jewel of Morroco" | "Eating out with Julie"
  Liabilities:US:Chase:Slate                      -42.69 USD
  Expenses:Food:Restaurant                         42.69 USD

2013-06-16 * "Cafe Modagor" | "Eating out with Natasha"
  Liabilities:US:Chase:Slate                      -48.80 USD
  Expenses:Food:Restaurant                         48.80 USD

2013-06-17 * "Onion Market" | "Buying groceries"
  Liabilities:US:Chase:Slate                      -90.72 USD
  Expenses:Food:Groceries                          90.72 USD

2013-06-20 * "Goba Goba" | "Eating out alone"
  Liabilities:US:Chase:Slate                      -28.87 USD
  Expenses:Food:Restaurant                         28.87 USD

2013-06-22 balance Liabilities:US:Chase:Slate                      -1,669.72 USD

2013-06-23 * "Kin Soy" | "Eating out "
  Liabilities:US:Chase:Slate                      -24.65 USD
  Expenses:Food:Restaurant                         24.65 USD

2013-06-25 * "Rose Flower" | "Eating out "
  Liabilities:US:Chase:Slate                      -18.92 USD
  Expenses:Food:Restaurant                         18.92 USD

2013-06-26 * "Kin Soy" | "Eating out alone"
  Liabilities:US:Chase:Slate                      -72.40 USD
  Expenses:Food:Restaurant                         72.40 USD

2013-06-27 * "Onion Market" | "Buying groceries"
  Liabilities:US:Chase:Slate                      -79.28 USD
  Expenses:Food:Groceries                          79.28 USD

2013-06-28 * "Chichipotle" | "Eating out with work buddies"
  Liabilities:US:Chase:Slate                      -21.63 USD
  Expenses:Food:Restaurant                         21.63 USD

2013-07-01 * "Cafe Modagor" | "Eating out with Julie"
  Liabilities:US:Chase:Slate                      -39.15 USD
  Expenses:Food:Restaurant                         39.15 USD

2013-07-04 * "Goba Goba" | "Eating out "
  Liabilities:US:Chase:Slate                      -25.46 USD
  Expenses:Food:Restaurant                         25.46 USD

2013-07-08 * "Goba Goba" | "Eating out alone"
  Liabilities:US:Chase:Slate                      -37.01 USD
  Expenses:Food:Restaurant                         37.01 USD

2013-07-09 * "Kin Soy" | "Eating out after work"
  Liabilities:US:Chase:Slate                      -82.18 USD
  Expenses:Food:Restaurant                         82.18 USD

2013-07-09 * "Chase:Slate" | "Paying off credit card"
  Liabilities:US:Chase:Slate                      731.76 USD
  Assets:US:BofA:Checking                        -731.76 USD

2013-07-11 * "Jewel of Morroco" | "Eating out with Bill"
  Liabilities:US:Chase:Slate                      -30.89 USD
  Expenses:Food:Restaurant                         30.89 USD

2013-07-13 * "Metro Transport Authority" | "Tram tickets"
  Liabilities:US:Chase:Slate                     -120.00 USD
  Expenses:Transport:Tram                         120.00 USD

2013-07-15 * "Corner Deli" | "Buying groceries"
  Liabilities:US:Chase:Slate                      -58.34 USD
  Expenses:Food:Groceries                          58.34 USD

2013-07-16 * "Chichipotle" | "Eating out with Joe"
  Liabilities:US:Chase:Slate                      -29.60 USD
  Expenses:Food:Restaurant                         29.60 USD

2013-07-18 * "Kin Soy" | "Eating out with Joe"
  Liabilities:US:Chase:Slate                      -29.36 USD
  Expenses:Food:Restaurant                         29.36 USD

2013-07-19 balance Liabilities:US:Chase:Slate                      -1,606.83 USD

2013-07-19 * "Kin Soy" | "Eating out with Natasha"
  Liabilities:US:Chase:Slate                      -20.07 USD
  Expenses:Food:Restaurant                         20.07 USD

2013-07-20 * "Good Moods Market" | "Buying groceries"
  Liabilities:US:Chase:Slate                      -39.85 USD
  Expenses:Food:Groceries                          39.85 USD

2013-07-24 * "China Garden" | "Eating out "
  Liabilities:US:Chase:Slate                      -25.92 USD
  Expenses:Food:Restaurant                         25.92 USD

2013-07-26 * "Chichipotle" | "Eating out alone"
  Liabilities:US:Chase:Slate                      -17.67 USD
  Expenses:Food:Restaurant                         17.67 USD

2013-07-26 * "Farmer Fresh" | "Buying groceries"
  Liabilities:US:Chase:Slate                     -103.81 USD
  Expenses:Food:Groceries                         103.81 USD

2013-07-30 * "Cafe Modagor" | "Eating out with Bill"
  Liabilities:US:Chase:Slate                      -49.43 USD
  Expenses:Food:Restaurant                         49.43 USD

2013-08-01 * "Chichipotle" | "Eating out with Julie"
  Liabilities:US:Chase:Slate                      -61.13 USD
  Expenses:Food:Restaurant                         61.13 USD

2013-08-04 * "Kin Soy" | "Eating out with Joe"
  Liabilities:US:Chase:Slate                      -48.07 USD
  Expenses:Food:Restaurant                         48.07 USD

2013-08-06 * "Jewel of Morroco" | "Eating out with Natasha"
  Liabilities:US:Chase:Slate                      -37.73 USD
  Expenses:Food:Restaurant                         37.73 USD

2013-08-07 * "Kin Soy" | "Eating out alone"
  Liabilities:US:Chase:Slate                      -39.32 USD
  Expenses:Food:Restaurant                         39.32 USD

2013-08-09 * "Chase:Slate" | "Paying off credit card"
  Liabilities:US:Chase:Slate                      750.10 USD
  Assets:US:BofA:Checking                        -750.10 USD

2013-08-12 * "Kin Soy" | "Eating out with Joe"
  Liabilities:US:Chase:Slate                      -38.91 USD
  Expenses:Food:Restaurant                         38.91 USD

2013-08-12 * "Metro Transport Authority" | "Tram tickets"
  Liabilities:US:Chase:Slate                     -120.00 USD
  Expenses:Transport:Tram                         120.00 USD

2013-08-14 * "Onion Market" | "Buying groceries"
  Liabilities:US:Chase:Slate                     -110.10 USD
  Expenses:Food:Groceries                         110.10 USD

2013-08-17 * "Chichipotle" | "Eating out with work buddies"
  Liabilities:US:Chase:Slate                      -50.41 USD
  Expenses:Food:Restaurant                         50.41 USD

2013-08-18 balance Liabilities:US:Chase:Slate                      -1,619.15 USD

2013-08-18 * "Jewel of Morroco" | "Eating out alone"
  Liabilities:US:Chase:Slate                      -32.83 USD
  Expenses:Food:Restaurant                         32.83 USD

2013-08-23 * "Uncle Boons" | "Eating out with Natasha"
  Liabilities:US:Chase:Slate                      -44.10 USD
  Expenses:Food:Restaurant                         44.10 USD

2013-08-24 * "Chichipotle" | "Eating out with Natasha"
  Liabilities:US:Chase:Slate                      -15.76 USD
  Expenses:Food:Restaurant                         15.76 USD

2013-08-29 * "Cafe Modagor" | "Eating out alone"
  Liabilities:US:Chase:Slate                      -29.38 USD
  Expenses:Food:Restaurant                         29.38 USD

2013-09-01 * "Farmer Fresh" | "Buying groceries"
  Liabilities:US:Chase:Slate                      -71.10 USD
  Expenses:Food:Groceries                          71.10 USD

2013-09-03 * "Uncle Boons" | "Eating out with work buddies"
  Liabilities:US:Chase:Slate                      -18.85 USD
  Expenses:Food:Restaurant                         18.85 USD

2013-09-06 * "Farmer Fresh" | "Buying groceries"
  Liabilities:US:Chase:Slate                      -88.59 USD
  Expenses:Food:Groceries                          88.59 USD

2013-09-07 * "Kin Soy" | "Eating out with Joe"
  Liabilities:US:Chase:Slate                      -20.56 USD
  Expenses:Food:Restaurant                         20.56 USD

2013-09-10 * "Rose Flower" | "Eating out with work buddies"
  Liabilities:US:Chase:Slate                      -30.33 USD
  Expenses:Food:Restaurant                         30.33 USD

2013-09-10 * "Chase:Slate" | "Paying off credit card"
  Liabilities:US:Chase:Slate                      632.01 USD
  Assets:US:BofA:Checking                        -632.01 USD

2013-09-12 * "Metro Transport Authority" | "Tram tickets"
  Liabilities:US:Chase:Slate                     -120.00 USD
  Expenses:Transport:Tram                         120.00 USD

2013-09-13 * "Uncle Boons" | "Eating out with Natasha"
  Liabilities:US:Chase:Slate                      -15.89 USD
  Expenses:Food:Restaurant                         15.89 USD

2013-09-15 balance Liabilities:US:Chase:Slate                      -1,474.53 USD

2013-09-16 * "Good Moods Market" | "Buying groceries"
  Liabilities:US:Chase:Slate                      -60.90 USD
  Expenses:Food:Groceries                          60.90 USD

2013-09-18 * "Kin Soy" | "Eating out with Bill"
  Liabilities:US:Chase:Slate                      -40.70 USD
  Expenses:Food:Restaurant                         40.70 USD

2013-09-20 * "China Garden" | "Eating out with Bill"
  Liabilities:US:Chase:Slate                      -25.07 USD
  Expenses:Food:Restaurant                         25.07 USD

2013-09-23 * "Goba Goba" | "Eating out with work buddies"
  Liabilities:US:Chase:Slate                      -20.32 USD
  Expenses:Food:Restaurant                         20.32 USD

2013-09-28 * "China Garden" | "Eating out with work buddies"
  Liabilities:US:Chase:Slate                      -49.29 USD
  Expenses:Food:Restaurant                         49.29 USD

2013-09-29 * "Farmer Fresh" | "Buying groceries"
  Liabilities:US:Chase:Slate                      -64.62 USD
  Expenses:Food:Groceries                          64.62 USD

2013-10-01 * "Kin Soy" | "Eating out after work"
  Liabilities:US:Chase:Slate                      -25.49 USD
  Expenses:Food:Restaurant                         25.49 USD

2013-10-05 * "Cafe Modagor" | "Eating out with Natasha"
  Liabilities:US:Chase:Slate                      -16.88 USD
  Expenses:Food:Restaurant                         16.88 USD

2013-10-09 * "Metro Transport Authority" | "Tram tickets"
  Liabilities:US:Chase:Slate                     -120.00 USD
  Expenses:Transport:Tram                         120.00 USD

2013-10-10 * "Uncle Boons" | "Eating out with Joe"
  Liabilities:US:Chase:Slate                      -22.25 USD
  Expenses:Food:Restaurant                         22.25 USD

2013-10-11 * "Cafe Modagor" | "Eating out after work"
  Liabilities:US:Chase:Slate                      -57.20 USD
  Expenses:Food:Restaurant                         57.20 USD

2013-10-11 * "Chase:Slate" | "Paying off credit card"
  Liabilities:US:Chase:Slate                      638.61 USD
  Assets:US:BofA:Checking                        -638.61 USD

2013-10-12 * "Farmer Fresh" | "Buying groceries"
  Liabilities:US:Chase:Slate                      -82.22 USD
  Expenses:Food:Groceries                          82.22 USD

2013-10-13 balance Liabilities:US:Chase:Slate                      -1,420.86 USD

2013-10-14 * "Goba Goba" | "Eating out with work buddies"
  Liabilities:US:Chase:Slate                      -15.16 USD
  Expenses:Food:Restaurant                         15.16 USD

2013-10-19 * "Kin Soy" | "Eating out with work buddies"
  Liabilities:US:Chase:Slate                      -18.10 USD
  Expenses:Food:Restaurant                         18.10 USD

2013-10-22 * "Cafe Modagor" | "Eating out alone"
  Liabilities:US:Chase:Slate                      -55.28 USD
  Expenses:Food:Restaurant                         55.28 USD

2013-10-25 * "Kin Soy" | "Eating out with Natasha"
  Liabilities:US:Chase:Slate                      -39.47 USD
  Expenses:Food:Restaurant                         39.47 USD

2013-10-28 * "Chichipotle" | "Eating out with Joe"
  Liabilities:US:Chase:Slate                      -21.32 USD
  Expenses:Food:Restaurant                         21.32 USD

2013-10-31 * "Chichipotle" | "Eating out with work buddies"
  Liabilities:US:Chase:Slate                      -30.61 USD
  Expenses:Food:Restaurant                         30.61 USD

2013-11-01 * "Corner Deli" | "Buying groceries"
  Liabilities:US:Chase:Slate                      -78.29 USD
  Expenses:Food:Groceries                          78.29 USD

2013-11-03 * "Goba Goba" | "Eating out after work"
  Liabilities:US:Chase:Slate                      -26.45 USD
  Expenses:Food:Restaurant                         26.45 USD

2013-11-05 * "Goba Goba" | "Eating out with Bill"
  Liabilities:US:Chase:Slate                      -23.98 USD
  Expenses:Food:Restaurant                         23.98 USD

2013-11-07 * "Metro Transport Authority" | "Tram tickets"
  Liabilities:US:Chase:Slate                     -120.00 USD
  Expenses:Transport:Tram                         120.00 USD

2013-11-08 * "Chase:Slate" | "Paying off credit card"
  Liabilities:US:Chase:Slate                      546.41 USD
  Assets:US:BofA:Checking                        -546.41 USD

2013-11-10 balance Liabilities:US:Chase:Slate                      -1,303.11 USD

2013-11-10 * "Goba Goba" | "Eating out with Bill"
  Liabilities:US:Chase:Slate                      -35.53 USD
  Expenses:Food:Restaurant                         35.53 USD

2013-11-12 * "Chichipotle" | "Eating out with Julie"
  Liabilities:US:Chase:Slate                      -32.30 USD
  Expenses:Food:Restaurant                         32.30 USD

2013-11-13 * "Kin Soy" | "Eating out alone"
  Liabilities:US:Chase:Slate                      -27.18 USD
  Expenses:Food:Restaurant                         27.18 USD

2013-11-14 * "Onion Market" | "Buying groceries"
  Liabilities:US:Chase:Slate                      -93.86 USD
  Expenses:Food:Groceries                          93.86 USD

2013-11-18 * "Rose Flower" | "Eating out with Natasha"
  Liabilities:US:Chase:Slate                      -30.61 USD
  Expenses:Food:Restaurant                         30.61 USD

2013-11-19 * "Jewel of Morroco" | "Eating out after work"
  Liabilities:US:Chase:Slate                      -40.94 USD
  Expenses:Food:Restaurant                         40.94 USD

2013-11-23 * "Kin Soy" | "Eating out with Julie"
  Liabilities:US:Chase:Slate                      -25.01 USD
  Expenses:Food:Restaurant                         25.01 USD

2013-11-24 * "Chichipotle" | "Eating out with Bill"
  Liabilities:US:Chase:Slate                      -60.45 USD
  Expenses:Food:Restaurant                         60.45 USD

2013-11-29 * "Goba Goba" | "Eating out after work"
  Liabilities:US:Chase:Slate                      -35.92 USD
  Expenses:Food:Restaurant                         35.92 USD

2013-12-02 * "Rose Flower" | "Eating out "
  Liabilities:US:Chase:Slate                      -30.12 USD
  Expenses:Food:Restaurant                         30.12 USD

2013-12-03 balance Liabilities:US:Chase:Slate                      -1,715.03 USD

2013-12-04 * "Chichipotle" | "Eating out with Bill"
  Liabilities:US:Chase:Slate                      -33.63 USD
  Expenses:Food:Restaurant                         33.63 USD

2013-12-04 * "Good Moods Market" | "Buying groceries"
  Liabilities:US:Chase:Slate                     -119.92 USD
  Expenses:Food:Groceries                         119.92 USD

2013-12-04 * "Metro Transport Authority" | "Tram tickets"
  Liabilities:US:Chase:Slate                     -120.00 USD
  Expenses:Transport:Tram                         120.00 USD

2013-12-08 * "Jewel of Morroco" | "Eating out alone"
  Liabilities:US:Chase:Slate                      -36.98 USD
  Expenses:Food:Restaurant                         36.98 USD

2013-12-10 * "Chase:Slate" | "Paying off credit card"
  Liabilities:US:Chase:Slate                      702.49 USD
  Assets:US:BofA:Checking                        -702.49 USD

2013-12-13 * "Kin Soy" | "Eating out with Julie"
  Liabilities:US:Chase:Slate                      -15.57 USD
  Expenses:Food:Restaurant                         15.57 USD

2013-12-17 * "Goba Goba" | "Eating out "
  Liabilities:US:Chase:Slate                      -19.98 USD
  Expenses:Food:Restaurant                         19.98 USD

2013-12-20 * "Rose Flower" | "Eating out with Julie"
  Liabilities:US:Chase:Slate                      -23.60 USD
  Expenses:Food:Restaurant                         23.60 USD

2013-12-22 * "Onion Market" | "Buying groceries"
  Liabilities:US:Chase:Slate                      -59.38 USD
  Expenses:Food:Groceries                          59.38 USD

2013-12-23 balance Liabilities:US:Chase:Slate                      -1,441.60 USD

2013-12-23 * "Cafe Modagor" | "Eating out with work buddies"
  Liabilities:US:Chase:Slate                      -29.09 USD
  Expenses:Food:Restaurant                         29.09 USD

2013-12-24 * "Goba Goba" | "Eating out after work"
  Liabilities:US:Chase:Slate                      -40.05 USD
  Expenses:Food:Restaurant                         40.05 USD

2013-12-26 event "location" "Boston"

2013-12-27 * "Giacomo's Restaurant" | "" #trip-boston-2013
  Liabilities:US:Chase:Slate                      -37.99 USD
  Expenses:Food:Restaurant                         37.99 USD

2013-12-27 * "Legal Seafood" | "" #trip-boston-2013
  Liabilities:US:Chase:Slate                      -39.25 USD
  Expenses:Food:Restaurant                         39.25 USD

2013-12-28 * "Giacomo's Restaurant" | "" #trip-boston-2013
  Liabilities:US:Chase:Slate                      -37.09 USD
  Expenses:Food:Restaurant                         37.09 USD

2013-12-29 * "Giacomo's Restaurant" | "" #trip-boston-2013
  Liabilities:US:Chase:Slate                      -42.09 USD
  Expenses:Food:Restaurant                         42.09 USD

2013-12-29 * "Starbucks" | "" #trip-boston-2013
  Liabilities:US:Chase:Slate                       -6.38 USD
  Expenses:Food:Coffee                              6.38 USD

2013-12-30 * "Legal Seafood" | "" #trip-boston-2013
  Liabilities:US:Chase:Slate                      -33.68 USD
  Expenses:Food:Restaurant                         33.68 USD

2013-12-30 * "Starbucks" | "" #trip-boston-2013
  Liabilities:US:Chase:Slate                       -7.30 USD
  Expenses:Food:Coffee                              7.30 USD

2013-12-31 * "Franklin Cafe" | "" #trip-boston-2013
  Liabilities:US:Chase:Slate                      -31.04 USD
  Expenses:Food:Restaurant                         31.04 USD

2014-01-01 * "Franklin Cafe" | "" #trip-boston-2013
  Liabilities:US:Chase:Slate                      -28.02 USD
  Expenses:Food:Restaurant                         28.02 USD

2014-01-01 * "Starbucks" | "" #trip-boston-2013
  Liabilities:US:Chase:Slate                       -6.17 USD
  Expenses:Food:Coffee                              6.17 USD

2014-01-02 * "Legal Seafood" | "" #trip-boston-2013
  Liabilities:US:Chase:Slate                      -37.87 USD
  Expenses:Food:Restaurant                         37.87 USD

2014-01-03 * "Legal Seafood" | "" #trip-boston-2013
  Liabilities:US:Chase:Slate                      -23.86 USD
  Expenses:Food:Restaurant                         23.86 USD

2014-01-03 * "Franklin Cafe" | "" #trip-boston-2013
  Liabilities:US:Chase:Slate                      -27.65 USD
  Expenses:Food:Restaurant                         27.65 USD

2014-01-04 * "Giacomo's Restaurant" | "" #trip-boston-2013
  Liabilities:US:Chase:Slate                      -44.58 USD
  Expenses:Food:Restaurant                         44.58 USD

2014-01-04 * "Franklin Cafe" | "" #trip-boston-2013
  Liabilities:US:Chase:Slate                      -28.19 USD
  Expenses:Food:Restaurant                         28.19 USD

2014-01-04 * "Starbucks" | "" #trip-boston-2013
  Liabilities:US:Chase:Slate                       -6.62 USD
  Expenses:Food:Coffee                              6.62 USD

2014-01-05 * "Legal Seafood" | "" #trip-boston-2013
  Liabilities:US:Chase:Slate                      -36.81 USD
  Expenses:Food:Restaurant                         36.81 USD

2014-01-07 * "Starbucks" | "" #trip-boston-2013
  Liabilities:US:Chase:Slate                       -6.49 USD
  Expenses:Food:Coffee                              6.49 USD

2014-01-08 * "Franklin Cafe" | "" #trip-boston-2013
  Liabilities:US:Chase:Slate                      -28.82 USD
  Expenses:Food:Restaurant                         28.82 USD

2014-01-08 * "Starbucks" | "" #trip-boston-2013
  Liabilities:US:Chase:Slate                       -7.31 USD
  Expenses:Food:Coffee                              7.31 USD

2014-01-08 * "Chase:Slate" | "Paying off credit card"
  Liabilities:US:Chase:Slate                      216.55 USD
  Assets:US:BofA:Checking                        -216.55 USD

2014-01-09 * "Legal Seafood" | "" #trip-boston-2013
  Liabilities:US:Chase:Slate                      -39.55 USD
  Expenses:Food:Restaurant                         39.55 USD

2014-01-10 * "Legal Seafood" | "" #trip-boston-2013
  Liabilities:US:Chase:Slate                      -34.76 USD
  Expenses:Food:Restaurant                         34.76 USD

2014-01-11 * "Starbucks" | "" #trip-boston-2013
  Liabilities:US:Chase:Slate                       -6.56 USD
  Expenses:Food:Coffee                              6.56 USD

2014-01-12 * "Giacomo's Restaurant" | "" #trip-boston-2013
  Liabilities:US:Chase:Slate                      -45.52 USD
  Expenses:Food:Restaurant                         45.52 USD

2014-01-13 * "Legal Seafood" | "" #trip-boston-2013
  Liabilities:US:Chase:Slate                      -31.17 USD
  Expenses:Food:Restaurant                         31.17 USD

2014-01-13 * "Starbucks" | "" #trip-boston-2013
  Liabilities:US:Chase:Slate                       -5.18 USD
  Expenses:Food:Coffee                              5.18 USD

2014-01-13 event "location" "New Metropolis"

2014-01-15 balance Liabilities:US:Chase:Slate                      -1,974.14 USD

2014-01-17 * "Cafe Modagor" | "Eating out "
  Liabilities:US:Chase:Slate                      -44.45 USD
  Expenses:Food:Restaurant                         44.45 USD

2014-01-19 * "Jewel of Morroco" | "Eating out "
  Liabilities:US:Chase:Slate                      -52.93 USD
  Expenses:Food:Restaurant                         52.93 USD

2014-01-21 * "Farmer Fresh" | "Buying groceries"
  Liabilities:US:Chase:Slate                      -81.96 USD
  Expenses:Food:Groceries                          81.96 USD

2014-01-23 * "Goba Goba" | "Eating out with Natasha"
  Liabilities:US:Chase:Slate                      -40.61 USD
  Expenses:Food:Restaurant                         40.61 USD

2014-01-28 * "Jewel of Morroco" | "Eating out with work buddies"
  Liabilities:US:Chase:Slate                      -41.79 USD
  Expenses:Food:Restaurant                         41.79 USD

2014-01-31 * "Cafe Modagor" | "Eating out with Joe"
  Liabilities:US:Chase:Slate                      -51.68 USD
  Expenses:Food:Restaurant                         51.68 USD

2014-01-31 * "Corner Deli" | "Buying groceries"
  Liabilities:US:Chase:Slate                     -140.33 USD
  Expenses:Food:Groceries                         140.33 USD

2014-02-01 * "Rose Flower" | "Eating out after work"
  Liabilities:US:Chase:Slate                      -22.32 USD
  Expenses:Food:Restaurant                         22.32 USD

2014-02-03 * "Kin Soy" | "Eating out with Joe"
  Liabilities:US:Chase:Slate                      -18.66 USD
  Expenses:Food:Restaurant                         18.66 USD

2014-02-04 * "Metro Transport Authority" | "Tram tickets"
  Liabilities:US:Chase:Slate                     -120.00 USD
  Expenses:Transport:Tram                         120.00 USD

2014-02-05 * "Rose Flower" | "Eating out alone"
  Liabilities:US:Chase:Slate                      -14.06 USD
  Expenses:Food:Restaurant                         14.06 USD

2014-02-07 * "Jewel of Morroco" | "Eating out with Joe"
  Liabilities:US:Chase:Slate                      -34.55 USD
  Expenses:Food:Restaurant                         34.55 USD

2014-02-11 balance Liabilities:US:Chase:Slate                      -2,637.48 USD

2014-02-11 * "Kin Soy" | "Eating out with Bill"
  Liabilities:US:Chase:Slate                      -40.82 USD
  Expenses:Food:Restaurant                         40.82 USD

2014-02-11 * "Good Moods Market" | "Buying groceries"
  Liabilities:US:Chase:Slate                      -72.92 USD
  Expenses:Food:Groceries                          72.92 USD

2014-02-11 * "Chase:Slate" | "Paying off credit card"
  Liabilities:US:Chase:Slate                      659.71 USD
  Assets:US:BofA:Checking                        -659.71 USD

2014-02-12 * "Kin Soy" | "Eating out alone"
  Liabilities:US:Chase:Slate                      -32.33 USD
  Expenses:Food:Restaurant                         32.33 USD

2014-02-13 * "Uncle Boons" | "Eating out with Bill"
  Liabilities:US:Chase:Slate                      -32.29 USD
  Expenses:Food:Restaurant                         32.29 USD

2014-02-15 * "China Garden" | "Eating out with Joe"
  Liabilities:US:Chase:Slate                      -47.98 USD
  Expenses:Food:Restaurant                         47.98 USD

2014-02-18 * "Cafe Modagor" | "Eating out after work"
  Liabilities:US:Chase:Slate                      -42.60 USD
  Expenses:Food:Restaurant                         42.60 USD

2014-02-20 * "Chichipotle" | "Eating out with Natasha"
  Liabilities:US:Chase:Slate                      -23.22 USD
  Expenses:Food:Restaurant                         23.22 USD

2014-02-21 * "Chichipotle" | "Eating out alone"
  Liabilities:US:Chase:Slate                      -24.36 USD
  Expenses:Food:Restaurant                         24.36 USD

2014-02-26 * "Jewel of Morroco" | "Eating out after work"
  Liabilities:US:Chase:Slate                      -20.53 USD
  Expenses:Food:Restaurant                         20.53 USD

2014-02-28 * "Jewel of Morroco" | "Eating out with Natasha"
  Liabilities:US:Chase:Slate                      -40.82 USD
  Expenses:Food:Restaurant                         40.82 USD

2014-03-01 * "Chichipotle" | "Eating out alone"
  Liabilities:US:Chase:Slate                      -31.19 USD
  Expenses:Food:Restaurant                         31.19 USD

2014-03-02 * "Good Moods Market" | "Buying groceries"
  Liabilities:US:Chase:Slate                      -79.33 USD
  Expenses:Food:Groceries                          79.33 USD

2014-03-03 balance Liabilities:US:Chase:Slate                      -2,466.16 USD

2014-03-03 * "Metro Transport Authority" | "Tram tickets"
  Liabilities:US:Chase:Slate                     -120.00 USD
  Expenses:Transport:Tram                         120.00 USD

2014-03-06 * "Chichipotle" | "Eating out after work"
  Liabilities:US:Chase:Slate                      -70.57 USD
  Expenses:Food:Restaurant                         70.57 USD

2014-03-08 * "Cafe Modagor" | "Eating out "
  Liabilities:US:Chase:Slate                      -23.96 USD
  Expenses:Food:Restaurant                         23.96 USD

2014-03-09 * "Rose Flower" | "Eating out with Natasha"
  Liabilities:US:Chase:Slate                      -20.24 USD
  Expenses:Food:Restaurant                         20.24 USD

2014-03-10 * "Goba Goba" | "Eating out after work"
  Liabilities:US:Chase:Slate                      -31.56 USD
  Expenses:Food:Restaurant                         31.56 USD

2014-03-11 * "Chase:Slate" | "Paying off credit card"
  Liabilities:US:Chase:Slate                      742.73 USD
  Assets:US:BofA:Checking                        -742.73 USD

2014-03-13 * "Rose Flower" | "Eating out with Julie"
  Liabilities:US:Chase:Slate                      -28.83 USD
  Expenses:Food:Restaurant                         28.83 USD

2014-03-17 * "Rose Flower" | "Eating out "
  Liabilities:US:Chase:Slate                      -69.15 USD
  Expenses:Food:Restaurant                         69.15 USD

2014-03-22 * "Chichipotle" | "Eating out with Julie"
  Liabilities:US:Chase:Slate                      -64.18 USD
  Expenses:Food:Restaurant                         64.18 USD

2014-03-22 * "Good Moods Market" | "Buying groceries"
  Liabilities:US:Chase:Slate                      -78.92 USD
  Expenses:Food:Groceries                          78.92 USD

2014-03-23 * "China Garden" | "Eating out alone"
  Liabilities:US:Chase:Slate                      -19.97 USD
  Expenses:Food:Restaurant                         19.97 USD

2014-03-25 balance Liabilities:US:Chase:Slate                      -2,250.81 USD

2014-03-28 * "China Garden" | "Eating out alone"
  Liabilities:US:Chase:Slate                      -19.44 USD
  Expenses:Food:Restaurant                         19.44 USD

2014-03-28 * "Onion Market" | "Buying groceries"
  Liabilities:US:Chase:Slate                      -70.38 USD
  Expenses:Food:Groceries                          70.38 USD

2014-03-31 * "China Garden" | "Eating out "
  Liabilities:US:Chase:Slate                      -23.55 USD
  Expenses:Food:Restaurant                         23.55 USD

2014-03-31 * "Metro Transport Authority" | "Tram tickets"
  Liabilities:US:Chase:Slate                     -120.00 USD
  Expenses:Transport:Tram                         120.00 USD

2014-04-02 * "China Garden" | "Eating out with Julie"
  Liabilities:US:Chase:Slate                      -36.05 USD
  Expenses:Food:Restaurant                         36.05 USD

2014-04-04 * "Cafe Modagor" | "Eating out "
  Liabilities:US:Chase:Slate                      -41.40 USD
  Expenses:Food:Restaurant                         41.40 USD

2014-04-08 * "Kin Soy" | "Eating out with Natasha"
  Liabilities:US:Chase:Slate                      -23.34 USD
  Expenses:Food:Restaurant                         23.34 USD

2014-04-08 * "Chase:Slate" | "Paying off credit card"
  Liabilities:US:Chase:Slate                      566.38 USD
  Assets:US:BofA:Checking                        -566.38 USD

2014-04-11 * "Onion Market" | "Buying groceries"
  Liabilities:US:Chase:Slate                     -114.40 USD
  Expenses:Food:Groceries                         114.40 USD

2014-04-13 * "Uncle Boons" | "Eating out with Julie"
  Liabilities:US:Chase:Slate                      -29.91 USD
  Expenses:Food:Restaurant                         29.91 USD

2014-04-14 balance Liabilities:US:Chase:Slate                      -2,162.90 USD

2014-04-16 * "Rose Flower" | "Eating out with Julie"
  Liabilities:US:Chase:Slate                      -42.55 USD
  Expenses:Food:Restaurant                         42.55 USD

2014-04-18 * "Chichipotle" | "Eating out with Natasha"
  Liabilities:US:Chase:Slate                      -32.71 USD
  Expenses:Food:Restaurant                         32.71 USD

2014-04-21 * "China Garden" | "Eating out alone"
  Liabilities:US:Chase:Slate                      -30.10 USD
  Expenses:Food:Restaurant                         30.10 USD

2014-04-22 * "Chichipotle" | "Eating out with work buddies"
  Liabilities:US:Chase:Slate                      -48.24 USD
  Expenses:Food:Restaurant                         48.24 USD

2014-04-26 * "Good Moods Market" | "Buying groceries"
  Liabilities:US:Chase:Slate                      -77.58 USD
  Expenses:Food:Groceries                          77.58 USD

2014-04-27 * "Cafe Modagor" | "Eating out with Natasha"
  Liabilities:US:Chase:Slate                      -29.51 USD
  Expenses:Food:Restaurant                         29.51 USD

2014-05-02 * "Cafe Modagor" | "Eating out with Julie"
  Liabilities:US:Chase:Slate                      -32.69 USD
  Expenses:Food:Restaurant                         32.69 USD

2014-05-03 * "Jewel of Morroco" | "Eating out with Bill"
  Liabilities:US:Chase:Slate                      -46.49 USD
  Expenses:Food:Restaurant                         46.49 USD

2014-05-03 * "Metro Transport Authority" | "Tram tickets"
  Liabilities:US:Chase:Slate                     -120.00 USD
  Expenses:Transport:Tram                         120.00 USD

2014-05-06 balance Liabilities:US:Chase:Slate                      -2,622.77 USD

2014-05-08 * "Uncle Boons" | "Eating out with work buddies"
  Liabilities:US:Chase:Slate                      -35.21 USD
  Expenses:Food:Restaurant                         35.21 USD

2014-05-09 * "Chase:Slate" | "Paying off credit card"
  Liabilities:US:Chase:Slate                      699.44 USD
  Assets:US:BofA:Checking                        -699.44 USD

2014-05-10 * "Goba Goba" | "Eating out with Bill"
  Liabilities:US:Chase:Slate                      -60.05 USD
  Expenses:Food:Restaurant                         60.05 USD

2014-05-12 * "Uncle Boons" | "Eating out with Julie"
  Liabilities:US:Chase:Slate                      -13.53 USD
  Expenses:Food:Restaurant                         13.53 USD

2014-05-13 * "Rose Flower" | "Eating out after work"
  Liabilities:US:Chase:Slate                       -7.73 USD
  Expenses:Food:Restaurant                          7.73 USD

2014-05-15 * "Corner Deli" | "Buying groceries"
  Liabilities:US:Chase:Slate                      -85.38 USD
  Expenses:Food:Groceries                          85.38 USD

2014-05-18 * "Cafe Modagor" | "Eating out with work buddies"
  Liabilities:US:Chase:Slate                      -42.25 USD
  Expenses:Food:Restaurant                         42.25 USD

2014-05-23 * "Rose Flower" | "Eating out alone"
  Liabilities:US:Chase:Slate                      -21.94 USD
  Expenses:Food:Restaurant                         21.94 USD

2014-05-25 * "China Garden" | "Eating out with Julie"
  Liabilities:US:Chase:Slate                      -17.58 USD
  Expenses:Food:Restaurant                         17.58 USD

2014-05-27 * "Kin Soy" | "Eating out with work buddies"
  Liabilities:US:Chase:Slate                      -27.42 USD
  Expenses:Food:Restaurant                         27.42 USD

2014-05-29 * "Uncle Boons" | "Eating out with Julie"
  Liabilities:US:Chase:Slate                      -17.39 USD
  Expenses:Food:Restaurant                         17.39 USD

2014-05-31 * "Corner Deli" | "Buying groceries"
  Liabilities:US:Chase:Slate                      -89.75 USD
  Expenses:Food:Groceries                          89.75 USD

2014-06-01 * "Cafe Modagor" | "Eating out with Natasha"
  Liabilities:US:Chase:Slate                      -31.19 USD
  Expenses:Food:Restaurant                         31.19 USD

2014-06-02 balance Liabilities:US:Chase:Slate                      -2,372.75 USD

2014-06-04 * "Metro Transport Authority" | "Tram tickets"
  Liabilities:US:Chase:Slate                     -120.00 USD
  Expenses:Transport:Tram                         120.00 USD

2014-06-06 * "Goba Goba" | "Eating out alone"
  Liabilities:US:Chase:Slate                      -71.07 USD
  Expenses:Food:Restaurant                         71.07 USD

2014-06-08 * "Chase:Slate" | "Paying off credit card"
  Liabilities:US:Chase:Slate                      599.57 USD
  Assets:US:BofA:Checking                        -599.57 USD

2014-06-09 * "Cafe Modagor" | "Eating out with work buddies"
  Liabilities:US:Chase:Slate                      -54.34 USD
  Expenses:Food:Restaurant                         54.34 USD

2014-06-10 * "Farmer Fresh" | "Buying groceries"
  Liabilities:US:Chase:Slate                     -114.11 USD
  Expenses:Food:Groceries                         114.11 USD

2014-06-13 * "China Garden" | "Eating out alone"
  Liabilities:US:Chase:Slate                      -50.91 USD
  Expenses:Food:Restaurant                         50.91 USD

2014-06-17 * "Goba Goba" | "Eating out with Joe"
  Liabilities:US:Chase:Slate                      -34.90 USD
  Expenses:Food:Restaurant                         34.90 USD

2014-06-20 * "Jewel of Morroco" | "Eating out with Julie"
  Liabilities:US:Chase:Slate                      -35.48 USD
  Expenses:Food:Restaurant                         35.48 USD

2014-06-24 * "Chichipotle" | "Eating out with Bill"
  Liabilities:US:Chase:Slate                      -18.78 USD
  Expenses:Food:Restaurant                         18.78 USD

2014-06-25 balance Liabilities:US:Chase:Slate                      -2,272.77 USD

2014-06-25 * "Jewel of Morroco" | "Eating out alone"
  Liabilities:US:Chase:Slate                      -22.82 USD
  Expenses:Food:Restaurant                         22.82 USD

2014-06-26 * "Kin Soy" | "Eating out with Julie"
  Liabilities:US:Chase:Slate                      -54.46 USD
  Expenses:Food:Restaurant                         54.46 USD

2014-06-27 * "Farmer Fresh" | "Buying groceries"
  Liabilities:US:Chase:Slate                      -85.44 USD
  Expenses:Food:Groceries                          85.44 USD

2014-06-30 * "Jewel of Morroco" | "Eating out alone"
  Liabilities:US:Chase:Slate                      -18.18 USD
  Expenses:Food:Restaurant                         18.18 USD

2014-07-03 * "Rose Flower" | "Eating out after work"
  Liabilities:US:Chase:Slate                      -37.65 USD
  Expenses:Food:Restaurant                         37.65 USD

2014-07-03 * "Metro Transport Authority" | "Tram tickets"
  Liabilities:US:Chase:Slate                     -120.00 USD
  Expenses:Transport:Tram                         120.00 USD

2014-07-06 * "Chichipotle" | "Eating out with Julie"
  Liabilities:US:Chase:Slate                      -34.70 USD
  Expenses:Food:Restaurant                         34.70 USD

2014-07-07 * "Chase:Slate" | "Paying off credit card"
  Liabilities:US:Chase:Slate                      689.47 USD
  Assets:US:BofA:Checking                        -689.47 USD

2014-07-11 * "Kin Soy" | "Eating out "
  Liabilities:US:Chase:Slate                      -62.04 USD
  Expenses:Food:Restaurant                         62.04 USD

2014-07-15 * "Uncle Boons" | "Eating out alone"
  Liabilities:US:Chase:Slate                      -20.26 USD
  Expenses:Food:Restaurant                         20.26 USD

2014-07-15 * "Farmer Fresh" | "Buying groceries"
  Liabilities:US:Chase:Slate                     -156.94 USD
  Expenses:Food:Groceries                         156.94 USD

2014-07-18 * "Cafe Modagor" | "Eating out "
  Liabilities:US:Chase:Slate                      -44.46 USD
  Expenses:Food:Restaurant                         44.46 USD

2014-07-21 * "Goba Goba" | "Eating out alone"
  Liabilities:US:Chase:Slate                      -37.62 USD
  Expenses:Food:Restaurant                         37.62 USD

2014-07-22 balance Liabilities:US:Chase:Slate                      -2,277.87 USD

2014-07-23 * "China Garden" | "Eating out with Bill"
  Liabilities:US:Chase:Slate                      -48.58 USD
  Expenses:Food:Restaurant                         48.58 USD

2014-07-24 * "China Garden" | "Eating out with Julie"
  Liabilities:US:Chase:Slate                      -30.24 USD
  Expenses:Food:Restaurant                         30.24 USD

2014-07-26 * "Jewel of Morroco" | "Eating out with Joe"
  Liabilities:US:Chase:Slate                      -24.73 USD
  Expenses:Food:Restaurant                         24.73 USD

2014-07-26 * "Corner Deli" | "Buying groceries"
  Liabilities:US:Chase:Slate                     -109.84 USD
  Expenses:Food:Groceries                         109.84 USD

2014-07-28 * "Kin Soy" | "Eating out "
  Liabilities:US:Chase:Slate                      -28.32 USD
  Expenses:Food:Restaurant                         28.32 USD

2014-07-31 * "Jewel of Morroco" | "Eating out with work buddies"
  Liabilities:US:Chase:Slate                      -22.64 USD
  Expenses:Food:Restaurant                         22.64 USD

2014-08-02 * "Jewel of Morroco" | "Eating out with Bill"
  Liabilities:US:Chase:Slate                      -21.86 USD
  Expenses:Food:Restaurant                         21.86 USD

2014-08-02 * "Corner Deli" | "Buying groceries"
  Liabilities:US:Chase:Slate                     -103.78 USD
  Expenses:Food:Groceries                         103.78 USD

2014-08-03 * "China Garden" | "Eating out with Natasha"
  Liabilities:US:Chase:Slate                      -23.04 USD
  Expenses:Food:Restaurant                         23.04 USD

2014-08-04 * "Cafe Modagor" | "Eating out "
  Liabilities:US:Chase:Slate                      -29.75 USD
  Expenses:Food:Restaurant                         29.75 USD

2014-08-05 * "Metro Transport Authority" | "Tram tickets"
  Liabilities:US:Chase:Slate                     -120.00 USD
  Expenses:Transport:Tram                         120.00 USD

2014-08-07 * "Jewel of Morroco" | "Eating out with Bill"
  Liabilities:US:Chase:Slate                      -37.46 USD
  Expenses:Food:Restaurant                         37.46 USD

2014-08-09 * "Goba Goba" | "Eating out "
  Liabilities:US:Chase:Slate                      -39.35 USD
  Expenses:Food:Restaurant                         39.35 USD

2014-08-09 * "Chase:Slate" | "Paying off credit card"
  Liabilities:US:Chase:Slate                      898.87 USD
  Assets:US:BofA:Checking                        -898.87 USD

2014-08-11 * "Goba Goba" | "Eating out with Bill"
  Liabilities:US:Chase:Slate                      -40.56 USD
  Expenses:Food:Restaurant                         40.56 USD

2014-08-12 balance Liabilities:US:Chase:Slate                      -2,059.15 USD

2014-08-12 * "Jewel of Morroco" | "Eating out with Joe"
  Liabilities:US:Chase:Slate                      -36.73 USD
  Expenses:Food:Restaurant                         36.73 USD

2014-08-13 * "Jewel of Morroco" | "Eating out alone"
  Liabilities:US:Chase:Slate                      -18.93 USD
  Expenses:Food:Restaurant                         18.93 USD

2014-08-14 * "Kin Soy" | "Eating out with Julie"
  Liabilities:US:Chase:Slate                      -24.08 USD
  Expenses:Food:Restaurant                         24.08 USD

2014-08-18 * "Jewel of Morroco" | "Eating out with Bill"
  Liabilities:US:Chase:Slate                      -11.02 USD
  Expenses:Food:Restaurant                         11.02 USD

2014-08-21 * "Kin Soy" | "Eating out with work buddies"
  Liabilities:US:Chase:Slate                      -46.39 USD
  Expenses:Food:Restaurant                         46.39 USD

2014-08-21 * "Corner Deli" | "Buying groceries"
  Liabilities:US:Chase:Slate                      -73.55 USD
  Expenses:Food:Groceries                          73.55 USD

2014-08-22 * "Uncle Boons" | "Eating out with work buddies"
  Liabilities:US:Chase:Slate                      -27.02 USD
  Expenses:Food:Restaurant                         27.02 USD

2014-08-23 * "Chichipotle" | "Eating out with Joe"
  Liabilities:US:Chase:Slate                      -25.39 USD
  Expenses:Food:Restaurant                         25.39 USD

2014-08-26 * "Kin Soy" | "Eating out with Bill"
  Liabilities:US:Chase:Slate                      -30.97 USD
  Expenses:Food:Restaurant                         30.97 USD

2014-08-27 * "Kin Soy" | "Eating out "
  Liabilities:US:Chase:Slate                      -10.90 USD
  Expenses:Food:Restaurant                         10.90 USD

2014-08-31 * "Chichipotle" | "Eating out with work buddies"
  Liabilities:US:Chase:Slate                      -22.80 USD
  Expenses:Food:Restaurant                         22.80 USD

2014-09-02 * "Cafe Modagor" | "Eating out with Joe"
  Liabilities:US:Chase:Slate                      -35.57 USD
  Expenses:Food:Restaurant                         35.57 USD

2014-09-02 * "Farmer Fresh" | "Buying groceries"
  Liabilities:US:Chase:Slate                      -79.89 USD
  Expenses:Food:Groceries                          79.89 USD

2014-09-06 * "China Garden" | "Eating out alone"
  Liabilities:US:Chase:Slate                      -21.15 USD
  Expenses:Food:Restaurant                         21.15 USD

2014-09-07 * "Metro Transport Authority" | "Tram tickets"
  Liabilities:US:Chase:Slate                     -120.00 USD
  Expenses:Transport:Tram                         120.00 USD

2014-09-08 * "Chichipotle" | "Eating out with Bill"
  Liabilities:US:Chase:Slate                      -21.03 USD
  Expenses:Food:Restaurant                         21.03 USD

2014-09-08 * "Chase:Slate" | "Paying off credit card"
  Liabilities:US:Chase:Slate                      645.98 USD
  Assets:US:BofA:Checking                        -645.98 USD

2014-09-11 balance Liabilities:US:Chase:Slate                      -2,018.59 USD

2014-09-11 * "Cafe Modagor" | "Eating out with Natasha"
  Liabilities:US:Chase:Slate                      -27.44 USD
  Expenses:Food:Restaurant                         27.44 USD

2014-09-16 * "Jewel of Morroco" | "Eating out "
  Liabilities:US:Chase:Slate                      -38.17 USD
  Expenses:Food:Restaurant                         38.17 USD

2014-09-17 * "Corner Deli" | "Buying groceries"
  Liabilities:US:Chase:Slate                      -51.91 USD
  Expenses:Food:Groceries                          51.91 USD

2014-09-18 * "Rose Flower" | "Eating out with work buddies"
  Liabilities:US:Chase:Slate                      -23.00 USD
  Expenses:Food:Restaurant                         23.00 USD

2014-09-23 * "China Garden" | "Eating out with Joe"
  Liabilities:US:Chase:Slate                      -21.83 USD
  Expenses:Food:Restaurant                         21.83 USD

2014-09-25 * "China Garden" | "Eating out "
  Liabilities:US:Chase:Slate                      -14.35 USD
  Expenses:Food:Restaurant                         14.35 USD

2014-09-28 * "Rose Flower" | "Eating out with Natasha"
  Liabilities:US:Chase:Slate                      -49.99 USD
  Expenses:Food:Restaurant                         49.99 USD

2014-09-29 * "Cafe Modagor" | "Eating out with Natasha"
  Liabilities:US:Chase:Slate                      -25.89 USD
  Expenses:Food:Restaurant                         25.89 USD

2014-10-03 * "Corner Deli" | "Buying groceries"
  Liabilities:US:Chase:Slate                      -61.85 USD
  Expenses:Food:Groceries                          61.85 USD

2014-10-04 * "Cafe Modagor" | "Eating out with Bill"
  Liabilities:US:Chase:Slate                      -41.00 USD
  Expenses:Food:Restaurant                         41.00 USD

2014-10-06 balance Liabilities:US:Chase:Slate                      -2,374.02 USD

2014-10-07 * "Metro Transport Authority" | "Tram tickets"
  Liabilities:US:Chase:Slate                     -120.00 USD
  Expenses:Transport:Tram                         120.00 USD

2014-10-07 * "Chase:Slate" | "Paying off credit card"
  Liabilities:US:Chase:Slate                      475.43 USD
  Assets:US:BofA:Checking                        -475.43 USD

2014-10-08 * "Chichipotle" | "Eating out with Joe"
  Liabilities:US:Chase:Slate                      -19.42 USD
  Expenses:Food:Restaurant                         19.42 USD

2014-10-13 * "Kin Soy" | "Eating out "
  Liabilities:US:Chase:Slate                      -37.99 USD
  Expenses:Food:Restaurant                         37.99 USD

2014-10-18 * "Jewel of Morroco" | "Eating out with Joe"
  Liabilities:US:Chase:Slate                      -30.60 USD
  Expenses:Food:Restaurant                         30.60 USD

2014-10-18 * "Good Moods Market" | "Buying groceries"
  Liabilities:US:Chase:Slate                      -53.67 USD
  Expenses:Food:Groceries                          53.67 USD

2014-10-23 * "Uncle Boons" | "Eating out after work"
  Liabilities:US:Chase:Slate                      -10.64 USD
  Expenses:Food:Restaurant                         10.64 USD

2014-10-28 * "Uncle Boons" | "Eating out after work"
  Liabilities:US:Chase:Slate                      -21.16 USD
  Expenses:Food:Restaurant                         21.16 USD

2014-10-28 * "Onion Market" | "Buying groceries"
  Liabilities:US:Chase:Slate                      -96.37 USD
  Expenses:Food:Groceries                          96.37 USD

2014-10-31 * "Chichipotle" | "Eating out after work"
  Liabilities:US:Chase:Slate                      -37.97 USD
  Expenses:Food:Restaurant                         37.97 USD

2014-11-01 * "Kin Soy" | "Eating out with Joe"
  Liabilities:US:Chase:Slate                      -23.72 USD
  Expenses:Food:Restaurant                         23.72 USD

2014-11-02 * "Kin Soy" | "Eating out alone"
  Liabilities:US:Chase:Slate                      -28.29 USD
  Expenses:Food:Restaurant                         28.29 USD

2014-11-04 * "Metro Transport Authority" | "Tram tickets"
  Liabilities:US:Chase:Slate                     -120.00 USD
  Expenses:Transport:Tram                         120.00 USD

* Taxable Investments

2012-01-01 open Assets:US:ETrade:Cash                       USD

2012-01-01 open Assets:US:ETrade:ITOT                       ITOT

2012-01-01 open Assets:US:ETrade:VEA                       VEA

2012-01-01 open Assets:US:ETrade:VHT                       VHT

2012-01-01 open Assets:US:ETrade:GLD                       GLD

2012-01-01 open Income:US:ETrade:Gains                      USD

2012-08-31 * "Buy shares of GLD"
  Assets:US:ETrade:Cash                          -784.06 USD                                       ;      -784.06 USD
  Assets:US:ETrade:GLD                              7.00 GLD       {110.73 USD}                    ;       775.11 USD
  Expenses:Financial:Commissions                    8.95 USD                                       ;         8.95 USD

2012-08-31 * "Buy shares of ITOT"
  Assets:US:ETrade:Cash                          -701.39 USD                                       ;      -701.39 USD
  Assets:US:ETrade:ITOT                             4.00 ITOT       {173.11 USD}                    ;       692.44 USD
  Expenses:Financial:Commissions                    8.95 USD                                       ;         8.95 USD

2012-08-31 * "Buy shares of VEA"
  Assets:US:ETrade:Cash                          -778.63 USD                                       ;      -778.63 USD
  Assets:US:ETrade:VEA                              4.00 VEA       {192.42 USD}                    ;       769.68 USD
  Expenses:Financial:Commissions                    8.95 USD                                       ;         8.95 USD

2012-08-31 * "Buy shares of VHT"
  Assets:US:ETrade:Cash                          -805.13 USD                                       ;      -805.13 USD
  Assets:US:ETrade:VHT                             14.00 VHT        {56.87 USD}                    ;       796.18 USD
  Expenses:Financial:Commissions                    8.95 USD                                       ;         8.95 USD

2012-10-13 * "Buy shares of VEA"
  Assets:US:ETrade:Cash                                             -2,313.43 USD                                       ;    -2,313.43 USD
  Assets:US:ETrade:VEA                             12.00 VEA       {192.04 USD}                    ;     2,304.48 USD
  Expenses:Financial:Commissions                    8.95 USD                                       ;         8.95 USD

2012-10-13 * "Buy shares of ITOT"
  Assets:US:ETrade:Cash                                             -2,337.77 USD                                       ;    -2,337.77 USD
  Assets:US:ETrade:ITOT                            13.00 ITOT       {179.14 USD}                    ;     2,328.82 USD
  Expenses:Financial:Commissions                    8.95 USD                                       ;         8.95 USD

2013-02-01 * "Sell shares of ITOT"
  Assets:US:ETrade:ITOT                           -13.00 ITOT       {179.14 USD}       @ 186.21 USD ;    -2,328.82 USD
  Assets:US:ETrade:Cash                                              2,411.78 USD                                       ;     2,411.78 USD
  Expenses:Financial:Commissions                    8.95 USD                                       ;         8.95 USD
  Income:US:ETrade:Gains                          -91.91 USD                                       ;       -91.91 USD

2013-02-07 * "Buy shares of ITOT"
  Assets:US:ETrade:Cash                                             -1,126.21 USD                                       ;    -1,126.21 USD
  Assets:US:ETrade:ITOT                             6.00 ITOT       {186.21 USD}                    ;     1,117.26 USD
  Expenses:Financial:Commissions                    8.95 USD                                       ;         8.95 USD

2013-02-07 * "Buy shares of GLD"
  Assets:US:ETrade:Cash                                             -1,287.70 USD                                       ;    -1,287.70 USD
  Assets:US:ETrade:GLD                             11.00 GLD       {116.25 USD}                    ;     1,278.75 USD
  Expenses:Financial:Commissions                    8.95 USD                                       ;         8.95 USD

2013-03-09 * "Sell shares of ITOT"
  Assets:US:ETrade:ITOT                            -4.00 ITOT       {173.11 USD}       @ 186.12 USD ;      -692.44 USD
  Assets:US:ETrade:Cash                           735.53 USD                                       ;       735.53 USD
  Expenses:Financial:Commissions                    8.95 USD                                       ;         8.95 USD
  Income:US:ETrade:Gains                          -52.04 USD                                       ;       -52.04 USD

2013-03-19 * "Buy shares of VHT"
  Assets:US:ETrade:Cash                          -497.56 USD                                       ;      -497.56 USD
  Assets:US:ETrade:VHT                              9.00 VHT        {54.29 USD}                    ;       488.61 USD
  Expenses:Financial:Commissions                    8.95 USD                                       ;         8.95 USD

2013-03-19 * "Buy shares of GLD"
  Assets:US:ETrade:Cash                          -468.59 USD                                       ;      -468.59 USD
  Assets:US:ETrade:GLD                              4.00 GLD       {114.91 USD}                    ;       459.64 USD
  Expenses:Financial:Commissions                    8.95 USD                                       ;         8.95 USD

2013-06-20 * "Buy shares of GLD"
  Assets:US:ETrade:Cash                                             -1,395.55 USD                                       ;    -1,395.55 USD
  Assets:US:ETrade:GLD                             12.00 GLD       {115.55 USD}                    ;     1,386.60 USD
  Expenses:Financial:Commissions                    8.95 USD                                       ;         8.95 USD

2013-06-20 * "Buy shares of VHT"
  Assets:US:ETrade:Cash                                             -1,467.95 USD                                       ;    -1,467.95 USD
  Assets:US:ETrade:VHT                             25.00 VHT        {58.36 USD}                    ;     1,459.00 USD
  Expenses:Financial:Commissions                    8.95 USD                                       ;         8.95 USD

2013-07-21 * "Sell shares of VEA"
  Assets:US:ETrade:VEA                            -12.00 VEA       {192.04 USD}       @ 211.95 USD ;    -2,304.48 USD
  Assets:US:ETrade:Cash                                              2,534.45 USD                                       ;     2,534.45 USD
  Expenses:Financial:Commissions                    8.95 USD                                       ;         8.95 USD
  Income:US:ETrade:Gains                         -238.92 USD                                       ;      -238.92 USD

2013-07-23 * "Buy shares of VHT"
  Assets:US:ETrade:Cash                          -579.55 USD                                       ;      -579.55 USD
  Assets:US:ETrade:VHT                             10.00 VHT        {57.06 USD}                    ;       570.60 USD
  Expenses:Financial:Commissions                    8.95 USD                                       ;         8.95 USD

2013-07-23 * "Buy shares of GLD"
  Assets:US:ETrade:Cash                          -592.50 USD                                       ;      -592.50 USD
  Assets:US:ETrade:GLD                              5.00 GLD       {116.71 USD}                    ;       583.55 USD
  Expenses:Financial:Commissions                    8.95 USD                                       ;         8.95 USD

2013-07-23 * "Buy shares of ITOT"
  Assets:US:ETrade:Cash                          -602.14 USD                                       ;      -602.14 USD
  Assets:US:ETrade:ITOT                             3.00 ITOT       {197.73 USD}                    ;       593.19 USD
  Expenses:Financial:Commissions                    8.95 USD                                       ;         8.95 USD

2013-07-23 * "Buy shares of VEA"
  Assets:US:ETrade:Cash                          -432.85 USD                                       ;      -432.85 USD
  Assets:US:ETrade:VEA                              2.00 VEA       {211.95 USD}                    ;       423.90 USD
  Expenses:Financial:Commissions                    8.95 USD                                       ;         8.95 USD

2013-08-04 * "Sell shares of ITOT"
  Assets:US:ETrade:ITOT                            -6.00 ITOT       {186.21 USD}       @ 203.36 USD ;    -1,117.26 USD
  Assets:US:ETrade:Cash                                              1,211.21 USD                                       ;     1,211.21 USD
  Expenses:Financial:Commissions                    8.95 USD                                       ;         8.95 USD
  Income:US:ETrade:Gains                         -102.90 USD                                       ;      -102.90 USD

2013-08-06 * "Buy shares of VHT"
  Assets:US:ETrade:Cash                                             -1,688.63 USD                                       ;    -1,688.63 USD
  Assets:US:ETrade:VHT                             29.00 VHT        {57.92 USD}                    ;     1,679.68 USD
  Expenses:Financial:Commissions                    8.95 USD                                       ;         8.95 USD

2013-08-16 * "Buy shares of VHT"
  Assets:US:ETrade:Cash                          -675.79 USD                                       ;      -675.79 USD
  Assets:US:ETrade:VHT                             12.00 VHT        {55.57 USD}                    ;       666.84 USD
  Expenses:Financial:Commissions                    8.95 USD                                       ;         8.95 USD

2013-08-16 * "Buy shares of VEA"
  Assets:US:ETrade:Cash                          -678.40 USD                                       ;      -678.40 USD
  Assets:US:ETrade:VEA                              3.00 VEA       {223.15 USD}                    ;       669.45 USD
  Expenses:Financial:Commissions                    8.95 USD                                       ;         8.95 USD

2013-08-16 * "Buy shares of GLD"
  Assets:US:ETrade:Cash                          -664.33 USD                                       ;      -664.33 USD
  Assets:US:ETrade:GLD                              6.00 GLD       {109.23 USD}                    ;       655.38 USD
  Expenses:Financial:Commissions                    8.95 USD                                       ;         8.95 USD

2013-08-16 * "Buy shares of ITOT"
  Assets:US:ETrade:Cash                          -618.67 USD                                       ;      -618.67 USD
  Assets:US:ETrade:ITOT                             3.00 ITOT       {203.24 USD}                    ;       609.72 USD
  Expenses:Financial:Commissions                    8.95 USD                                       ;         8.95 USD

2013-11-29 * "Sell shares of VEA"
  Assets:US:ETrade:VEA                             -4.00 VEA       {192.42 USD}       @ 221.67 USD ;      -769.68 USD
  Assets:US:ETrade:Cash                           877.73 USD                                       ;       877.73 USD
  Expenses:Financial:Commissions                    8.95 USD                                       ;         8.95 USD
  Income:US:ETrade:Gains                         -117.00 USD                                       ;      -117.00 USD

2013-11-30 * "Sell shares of GLD"
  Assets:US:ETrade:GLD                            -11.00 GLD       {116.25 USD}       @ 114.18 USD ;    -1,278.75 USD
  Assets:US:ETrade:Cash                                              1,247.03 USD                                       ;     1,247.03 USD
  Expenses:Financial:Commissions                    8.95 USD                                       ;         8.95 USD
  Income:US:ETrade:Gains                           22.77 USD                                       ;        22.77 USD

2013-12-06 * "Buy shares of VHT"
  Assets:US:ETrade:Cash                                             -9,473.39 USD                                       ;    -9,473.39 USD
  Assets:US:ETrade:VHT                            164.00 VHT        {57.71 USD}                    ;     9,464.44 USD
  Expenses:Financial:Commissions                    8.95 USD                                       ;         8.95 USD

2013-12-15 * "Sell shares of VHT"
  Assets:US:ETrade:VHT                           -164.00 VHT        {57.71 USD}        @ 58.22 USD ;    -9,464.44 USD
  Assets:US:ETrade:Cash                                              9,539.13 USD                                       ;     9,539.13 USD
  Expenses:Financial:Commissions                    8.95 USD                                       ;         8.95 USD
  Income:US:ETrade:Gains                          -83.64 USD                                       ;       -83.64 USD

2014-01-26 * "Buy shares of VEA"
  Assets:US:ETrade:Cash                                             -2,281.45 USD                                       ;    -2,281.45 USD
  Assets:US:ETrade:VEA                             10.00 VEA       {227.25 USD}                    ;     2,272.50 USD
  Expenses:Financial:Commissions                    8.95 USD                                       ;         8.95 USD

2014-01-26 * "Buy shares of GLD"
  Assets:US:ETrade:Cash                                             -2,267.75 USD                                       ;    -2,267.75 USD
  Assets:US:ETrade:GLD                             20.00 GLD       {112.94 USD}                    ;     2,258.80 USD
  Expenses:Financial:Commissions                    8.95 USD                                       ;         8.95 USD

2014-01-26 * "Buy shares of VHT"
  Assets:US:ETrade:Cash                                             -2,255.89 USD                                       ;    -2,255.89 USD
  Assets:US:ETrade:VHT                             38.00 VHT        {59.13 USD}                    ;     2,246.94 USD
  Expenses:Financial:Commissions                    8.95 USD                                       ;         8.95 USD

2014-01-26 * "Buy shares of ITOT"
  Assets:US:ETrade:Cash                                             -2,287.82 USD                                       ;    -2,287.82 USD
  Assets:US:ETrade:ITOT                            11.00 ITOT       {207.17 USD}                    ;     2,278.87 USD
  Expenses:Financial:Commissions                    8.95 USD                                       ;         8.95 USD

2014-03-07 * "Sell shares of VHT"
  Assets:US:ETrade:VHT                            -29.00 VHT        {57.92 USD}        @ 62.50 USD ;    -1,679.68 USD
  Assets:US:ETrade:Cash                                              1,803.55 USD                                       ;     1,803.55 USD
  Expenses:Financial:Commissions                    8.95 USD                                       ;         8.95 USD
  Income:US:ETrade:Gains                         -132.82 USD                                       ;      -132.82 USD

2014-03-10 * "Buy shares of VHT"
  Assets:US:ETrade:Cash                          -508.95 USD                                       ;      -508.95 USD
  Assets:US:ETrade:VHT                              8.00 VHT        {62.50 USD}                    ;       500.00 USD
  Expenses:Financial:Commissions                    8.95 USD                                       ;         8.95 USD

2014-03-10 * "Buy shares of ITOT"
  Assets:US:ETrade:Cash                          -434.99 USD                                       ;      -434.99 USD
  Assets:US:ETrade:ITOT                             2.00 ITOT       {213.02 USD}                    ;       426.04 USD
  Expenses:Financial:Commissions                    8.95 USD                                       ;         8.95 USD

2014-03-10 * "Buy shares of GLD"
  Assets:US:ETrade:Cash                          -486.23 USD                                       ;      -486.23 USD
  Assets:US:ETrade:GLD                              4.00 GLD       {119.32 USD}                    ;       477.28 USD
  Expenses:Financial:Commissions                    8.95 USD                                       ;         8.95 USD

2014-03-10 * "Buy shares of VEA"
  Assets:US:ETrade:Cash                          -469.67 USD                                       ;      -469.67 USD
  Assets:US:ETrade:VEA                              2.00 VEA       {230.36 USD}                    ;       460.72 USD
  Expenses:Financial:Commissions                    8.95 USD                                       ;         8.95 USD

2014-03-23 * "Sell shares of GLD"
  Assets:US:ETrade:GLD                             -4.00 GLD       {119.32 USD}       @ 118.10 USD ;      -477.28 USD
  Assets:US:ETrade:Cash                           463.45 USD                                       ;       463.45 USD
  Expenses:Financial:Commissions                    8.95 USD                                       ;         8.95 USD
  Income:US:ETrade:Gains                            4.88 USD                                       ;         4.88 USD

2014-06-14 * "Sell shares of VEA"
  Assets:US:ETrade:VEA                            -10.00 VEA       {227.25 USD}       @ 250.42 USD ;    -2,272.50 USD
  Assets:US:ETrade:Cash                                              2,495.25 USD                                       ;     2,495.25 USD
  Expenses:Financial:Commissions                    8.95 USD                                       ;         8.95 USD
  Income:US:ETrade:Gains                         -231.70 USD                                       ;      -231.70 USD

2014-06-15 * "Buy shares of ITOT"
  Assets:US:ETrade:Cash                                             -1,534.67 USD                                       ;    -1,534.67 USD
  Assets:US:ETrade:ITOT                             7.00 ITOT       {217.96 USD}                    ;     1,525.72 USD
  Expenses:Financial:Commissions                    8.95 USD                                       ;         8.95 USD

2014-06-15 * "Buy shares of VHT"
  Assets:US:ETrade:Cash                                             -1,596.01 USD                                       ;    -1,596.01 USD
  Assets:US:ETrade:VHT                             27.00 VHT        {58.78 USD}                    ;     1,587.06 USD
  Expenses:Financial:Commissions                    8.95 USD                                       ;         8.95 USD

2014-06-27 * "Sell shares of VHT"
  Assets:US:ETrade:VHT                            -38.00 VHT        {59.13 USD}        @ 56.96 USD ;    -2,246.94 USD
  Assets:US:ETrade:Cash                                              2,155.53 USD                                       ;     2,155.53 USD
  Expenses:Financial:Commissions                    8.95 USD                                       ;         8.95 USD
  Income:US:ETrade:Gains                           82.46 USD                                       ;        82.46 USD

2014-07-03 * "Buy shares of VEA"
  Assets:US:ETrade:Cash                          -500.77 USD                                       ;      -500.77 USD
  Assets:US:ETrade:VEA                              2.00 VEA       {245.91 USD}                    ;       491.82 USD
  Expenses:Financial:Commissions                    8.95 USD                                       ;         8.95 USD

2014-07-03 * "Buy shares of GLD"
  Assets:US:ETrade:Cash                          -455.71 USD                                       ;      -455.71 USD
  Assets:US:ETrade:GLD                              4.00 GLD       {111.69 USD}                    ;       446.76 USD
  Expenses:Financial:Commissions                    8.95 USD                                       ;         8.95 USD

2014-07-03 * "Buy shares of ITOT"
  Assets:US:ETrade:Cash                          -445.63 USD                                       ;      -445.63 USD
  Assets:US:ETrade:ITOT                             2.00 ITOT       {218.34 USD}                    ;       436.68 USD
  Expenses:Financial:Commissions                    8.95 USD                                       ;         8.95 USD

2014-07-03 * "Buy shares of VHT"
  Assets:US:ETrade:Cash                          -464.63 USD                                       ;      -464.63 USD
  Assets:US:ETrade:VHT                              8.00 VHT        {56.96 USD}                    ;       455.68 USD
  Expenses:Financial:Commissions                    8.95 USD                                       ;         8.95 USD

2014-09-12 * "Buy shares of VHT"
  Assets:US:ETrade:Cash                                             -3,472.36 USD                                       ;    -3,472.36 USD
  Assets:US:ETrade:VHT                             51.00 VHT        {67.91 USD}                    ;     3,463.41 USD
  Expenses:Financial:Commissions                    8.95 USD                                       ;         8.95 USD

2014-10-16 * "Buy shares of GLD"
  Assets:US:ETrade:Cash                                             -2,421.01 USD                                       ;    -2,421.01 USD
  Assets:US:ETrade:GLD                             21.00 GLD       {114.86 USD}                    ;     2,412.06 USD
  Expenses:Financial:Commissions                    8.95 USD                                       ;         8.95 USD

2014-10-16 * "Buy shares of VHT"
  Assets:US:ETrade:Cash                                             -2,455.39 USD                                       ;    -2,455.39 USD
  Assets:US:ETrade:VHT                             37.00 VHT        {66.12 USD}                    ;     2,446.44 USD
  Expenses:Financial:Commissions                    8.95 USD                                       ;         8.95 USD

* Vanguard Investments

2012-01-01 open Assets:US:Vanguard:Cash                       USD

2012-01-01 open Assets:US:Vanguard:VBMPX                     VBMPX

2012-01-01 open Assets:US:Vanguard:RGAGX                     RGAGX

2012-01-01 open Income:US:Hoogle:Match401k                   USD

2012-01-06 * "Employer match for contribution"
  Assets:US:Vanguard:Cash                         600.00 USD
  Income:US:Hoogle:Match401k                     -600.00 USD

2012-01-09 * "Investing 40% of cash in VBMPX"
  Assets:US:Vanguard:VBMPX                         3.139 VBMPX       {152.91 USD}                    ;    479.98449 USD
  Assets:US:Vanguard:Cash                        -479.98 USD                                       ;      -479.98 USD

2012-01-09 * "Investing 60% of cash in RGAGX"
  Assets:US:Vanguard:RGAGX                         14.32 RGAGX        {50.28 USD}                    ;    720.00960 USD
  Assets:US:Vanguard:Cash                        -720.01 USD                                       ;      -720.01 USD

2012-01-09 * "Investing 40% of cash in VBMPX"
  Assets:US:Vanguard:VBMPX                          1.57 VBMPX       {152.91 USD}                    ;    240.06870 USD
  Assets:US:Vanguard:Cash                        -240.07 USD                                       ;      -240.07 USD

2012-01-09 * "Investing 60% of cash in RGAGX"
  Assets:US:Vanguard:RGAGX                          7.16 RGAGX        {50.28 USD}                    ;    360.00480 USD
  Assets:US:Vanguard:Cash                        -360.00 USD                                       ;      -360.00 USD

2012-01-20 * "Employer match for contribution"
  Assets:US:Vanguard:Cash                         600.00 USD
  Income:US:Hoogle:Match401k                     -600.00 USD

2012-01-23 * "Investing 40% of cash in VBMPX"
  Assets:US:Vanguard:VBMPX                         3.188 VBMPX       {150.57 USD}                    ;    480.01716 USD
  Assets:US:Vanguard:Cash                        -480.02 USD                                       ;      -480.02 USD

2012-01-23 * "Investing 60% of cash in RGAGX"
  Assets:US:Vanguard:RGAGX                        13.732 RGAGX        {52.43 USD}                    ;    719.96876 USD
  Assets:US:Vanguard:Cash                        -719.97 USD                                       ;      -719.97 USD

2012-01-23 * "Investing 40% of cash in VBMPX"
  Assets:US:Vanguard:VBMPX                         1.594 VBMPX       {150.57 USD}                    ;    240.00858 USD
  Assets:US:Vanguard:Cash                        -240.01 USD                                       ;      -240.01 USD

2012-01-23 * "Investing 60% of cash in RGAGX"
  Assets:US:Vanguard:RGAGX                         6.866 RGAGX        {52.43 USD}                    ;    359.98438 USD
  Assets:US:Vanguard:Cash                        -359.98 USD                                       ;      -359.98 USD

2012-02-03 * "Employer match for contribution"
  Assets:US:Vanguard:Cash                         600.00 USD
  Income:US:Hoogle:Match401k                     -600.00 USD

2012-02-06 * "Investing 40% of cash in VBMPX"
  Assets:US:Vanguard:VBMPX                         3.124 VBMPX       {153.66 USD}                    ;    480.03384 USD
  Assets:US:Vanguard:Cash                        -480.03 USD                                       ;      -480.03 USD

2012-02-06 * "Investing 60% of cash in RGAGX"
  Assets:US:Vanguard:RGAGX                        13.523 RGAGX        {53.24 USD}                    ;    719.96452 USD
  Assets:US:Vanguard:Cash                        -719.96 USD                                       ;      -719.96 USD

2012-02-06 * "Investing 40% of cash in VBMPX"
  Assets:US:Vanguard:VBMPX                         1.562 VBMPX       {153.66 USD}                    ;    240.01692 USD
  Assets:US:Vanguard:Cash                        -240.02 USD                                       ;      -240.02 USD

2012-02-06 * "Investing 60% of cash in RGAGX"
  Assets:US:Vanguard:RGAGX                         6.761 RGAGX        {53.24 USD}                    ;    359.95564 USD
  Assets:US:Vanguard:Cash                        -359.96 USD                                       ;      -359.96 USD

2012-02-17 * "Employer match for contribution"
  Assets:US:Vanguard:Cash                         600.00 USD
  Income:US:Hoogle:Match401k                     -600.00 USD

2012-02-20 * "Investing 40% of cash in VBMPX"
  Assets:US:Vanguard:VBMPX                         3.144 VBMPX       {152.69 USD}                    ;    480.05736 USD
  Assets:US:Vanguard:Cash                        -480.06 USD                                       ;      -480.06 USD

2012-02-20 * "Investing 60% of cash in RGAGX"
  Assets:US:Vanguard:RGAGX                        14.051 RGAGX        {51.24 USD}                    ;    719.97324 USD
  Assets:US:Vanguard:Cash                        -719.97 USD                                       ;      -719.97 USD

2012-02-20 * "Investing 40% of cash in VBMPX"
  Assets:US:Vanguard:VBMPX                         1.572 VBMPX       {152.69 USD}                    ;    240.02868 USD
  Assets:US:Vanguard:Cash                        -240.03 USD                                       ;      -240.03 USD

2012-02-20 * "Investing 60% of cash in RGAGX"
  Assets:US:Vanguard:RGAGX                         7.025 RGAGX        {51.24 USD}                    ;    359.96100 USD
  Assets:US:Vanguard:Cash                        -359.96 USD                                       ;      -359.96 USD

2012-03-02 * "Employer match for contribution"
  Assets:US:Vanguard:Cash                         600.00 USD
  Income:US:Hoogle:Match401k                     -600.00 USD

2012-03-05 * "Investing 40% of cash in VBMPX"
  Assets:US:Vanguard:VBMPX                         3.167 VBMPX       {151.55 USD}                    ;    479.95885 USD
  Assets:US:Vanguard:Cash                        -479.96 USD                                       ;      -479.96 USD

2012-03-05 * "Investing 60% of cash in RGAGX"
  Assets:US:Vanguard:RGAGX                        13.907 RGAGX        {51.77 USD}                    ;    719.96539 USD
  Assets:US:Vanguard:Cash                        -719.97 USD                                       ;      -719.97 USD

2012-03-05 * "Investing 40% of cash in VBMPX"
  Assets:US:Vanguard:VBMPX                         1.584 VBMPX       {151.55 USD}                    ;    240.05520 USD
  Assets:US:Vanguard:Cash                        -240.06 USD                                       ;      -240.06 USD

2012-03-05 * "Investing 60% of cash in RGAGX"
  Assets:US:Vanguard:RGAGX                         6.954 RGAGX        {51.77 USD}                    ;    360.00858 USD
  Assets:US:Vanguard:Cash                        -360.01 USD                                       ;      -360.01 USD

2012-03-16 * "Employer match for contribution"
  Assets:US:Vanguard:Cash                         600.00 USD
  Income:US:Hoogle:Match401k                     -600.00 USD

2012-03-19 * "Investing 40% of cash in VBMPX"
  Assets:US:Vanguard:VBMPX                         3.278 VBMPX       {146.44 USD}                    ;    480.03032 USD
  Assets:US:Vanguard:Cash                        -480.03 USD                                       ;      -480.03 USD

2012-03-19 * "Investing 60% of cash in RGAGX"
  Assets:US:Vanguard:RGAGX                        13.646 RGAGX        {52.76 USD}                    ;    719.96296 USD
  Assets:US:Vanguard:Cash                        -719.96 USD                                       ;      -719.96 USD

2012-03-19 * "Investing 40% of cash in VBMPX"
  Assets:US:Vanguard:VBMPX                         1.639 VBMPX       {146.44 USD}                    ;    240.01516 USD
  Assets:US:Vanguard:Cash                        -240.02 USD                                       ;      -240.02 USD

2012-03-19 * "Investing 60% of cash in RGAGX"
  Assets:US:Vanguard:RGAGX                         6.823 RGAGX        {52.76 USD}                    ;    359.98148 USD
  Assets:US:Vanguard:Cash                        -359.98 USD                                       ;      -359.98 USD

2012-03-30 * "Employer match for contribution"
  Assets:US:Vanguard:Cash                         600.00 USD
  Income:US:Hoogle:Match401k                     -600.00 USD

2012-04-02 * "Investing 40% of cash in VBMPX"
  Assets:US:Vanguard:VBMPX                         3.216 VBMPX       {149.27 USD}                    ;    480.05232 USD
  Assets:US:Vanguard:Cash                        -480.05 USD                                       ;      -480.05 USD

2012-04-02 * "Investing 60% of cash in RGAGX"
  Assets:US:Vanguard:RGAGX                        13.646 RGAGX        {52.76 USD}                    ;    719.96296 USD
  Assets:US:Vanguard:Cash                        -719.96 USD                                       ;      -719.96 USD

2012-04-02 * "Investing 40% of cash in VBMPX"
  Assets:US:Vanguard:VBMPX                         1.608 VBMPX       {149.27 USD}                    ;    240.02616 USD
  Assets:US:Vanguard:Cash                        -240.03 USD                                       ;      -240.03 USD

2012-04-02 * "Investing 60% of cash in RGAGX"
  Assets:US:Vanguard:RGAGX                         6.823 RGAGX        {52.76 USD}                    ;    359.98148 USD
  Assets:US:Vanguard:Cash                        -359.98 USD                                       ;      -359.98 USD

2012-04-13 * "Employer match for contribution"
  Assets:US:Vanguard:Cash                         600.00 USD
  Income:US:Hoogle:Match401k                     -600.00 USD

2012-04-16 * "Investing 40% of cash in VBMPX"
  Assets:US:Vanguard:VBMPX                         3.142 VBMPX       {152.74 USD}                    ;    479.90908 USD
  Assets:US:Vanguard:Cash                        -479.91 USD                                       ;      -479.91 USD

2012-04-16 * "Investing 60% of cash in RGAGX"
  Assets:US:Vanguard:RGAGX                        13.942 RGAGX        {51.64 USD}                    ;    719.96488 USD
  Assets:US:Vanguard:Cash                        -719.96 USD                                       ;      -719.96 USD

2012-04-16 * "Investing 40% of cash in VBMPX"
  Assets:US:Vanguard:VBMPX                         1.572 VBMPX       {152.74 USD}                    ;    240.10728 USD
  Assets:US:Vanguard:Cash                        -240.11 USD                                       ;      -240.11 USD

2012-04-16 * "Investing 60% of cash in RGAGX"
  Assets:US:Vanguard:RGAGX                         6.972 RGAGX        {51.64 USD}                    ;    360.03408 USD
  Assets:US:Vanguard:Cash                        -360.03 USD                                       ;      -360.03 USD

2012-04-27 * "Employer match for contribution"
  Assets:US:Vanguard:Cash                         600.00 USD
  Income:US:Hoogle:Match401k                     -600.00 USD

2012-04-30 * "Investing 40% of cash in VBMPX"
  Assets:US:Vanguard:VBMPX                         3.199 VBMPX       {150.03 USD}                    ;    479.94597 USD
  Assets:US:Vanguard:Cash                        -479.95 USD                                       ;      -479.95 USD

2012-04-30 * "Investing 60% of cash in RGAGX"
  Assets:US:Vanguard:RGAGX                        13.904 RGAGX        {51.78 USD}                    ;    719.94912 USD
  Assets:US:Vanguard:Cash                        -719.95 USD                                       ;      -719.95 USD

2012-04-30 * "Investing 40% of cash in VBMPX"
  Assets:US:Vanguard:VBMPX                          1.60 VBMPX       {150.03 USD}                    ;    240.04800 USD
  Assets:US:Vanguard:Cash                        -240.05 USD                                       ;      -240.05 USD

2012-04-30 * "Investing 60% of cash in RGAGX"
  Assets:US:Vanguard:RGAGX                         6.953 RGAGX        {51.78 USD}                    ;    360.02634 USD
  Assets:US:Vanguard:Cash                        -360.03 USD                                       ;      -360.03 USD

2012-05-11 * "Employer match for contribution"
  Assets:US:Vanguard:Cash                         600.00 USD
  Income:US:Hoogle:Match401k                     -600.00 USD

2012-05-14 * "Investing 40% of cash in VBMPX"
  Assets:US:Vanguard:VBMPX                         3.038 VBMPX       {158.01 USD}                    ;    480.03438 USD
  Assets:US:Vanguard:Cash                        -480.03 USD                                       ;      -480.03 USD

2012-05-14 * "Investing 60% of cash in RGAGX"
  Assets:US:Vanguard:RGAGX                         14.12 RGAGX        {50.99 USD}                    ;    719.97880 USD
  Assets:US:Vanguard:Cash                        -719.98 USD                                       ;      -719.98 USD

2012-05-14 * "Investing 40% of cash in VBMPX"
  Assets:US:Vanguard:VBMPX                         1.519 VBMPX       {158.01 USD}                    ;    240.01719 USD
  Assets:US:Vanguard:Cash                        -240.02 USD                                       ;      -240.02 USD

2012-05-14 * "Investing 60% of cash in RGAGX"
  Assets:US:Vanguard:RGAGX                          7.06 RGAGX        {50.99 USD}                    ;    359.98940 USD
  Assets:US:Vanguard:Cash                        -359.99 USD                                       ;      -359.99 USD

2012-05-25 * "Employer match for contribution"
  Assets:US:Vanguard:Cash                         600.00 USD
  Income:US:Hoogle:Match401k                     -600.00 USD

2012-05-28 * "Investing 40% of cash in VBMPX"
  Assets:US:Vanguard:VBMPX                         3.065 VBMPX       {156.60 USD}                    ;    479.97900 USD
  Assets:US:Vanguard:Cash                        -479.98 USD                                       ;      -479.98 USD

2012-05-28 * "Investing 60% of cash in RGAGX"
  Assets:US:Vanguard:RGAGX                        14.616 RGAGX        {49.26 USD}                    ;    719.98416 USD
  Assets:US:Vanguard:Cash                        -719.98 USD                                       ;      -719.98 USD

2012-05-28 * "Investing 40% of cash in VBMPX"
  Assets:US:Vanguard:VBMPX                         1.533 VBMPX       {156.60 USD}                    ;    240.06780 USD
  Assets:US:Vanguard:Cash                        -240.07 USD                                       ;      -240.07 USD

2012-05-28 * "Investing 60% of cash in RGAGX"
  Assets:US:Vanguard:RGAGX                         7.308 RGAGX        {49.26 USD}                    ;    359.99208 USD
  Assets:US:Vanguard:Cash                        -359.99 USD                                       ;      -359.99 USD

2012-06-08 * "Employer match for contribution"
  Assets:US:Vanguard:Cash                         600.00 USD
  Income:US:Hoogle:Match401k                     -600.00 USD

2012-06-11 * "Investing 40% of cash in VBMPX"
  Assets:US:Vanguard:VBMPX                         3.053 VBMPX       {157.21 USD}                    ;    479.96213 USD
  Assets:US:Vanguard:Cash                        -479.96 USD                                       ;      -479.96 USD

2012-06-11 * "Investing 60% of cash in RGAGX"
  Assets:US:Vanguard:RGAGX                        14.702 RGAGX        {48.97 USD}                    ;    719.95694 USD
  Assets:US:Vanguard:Cash                        -719.96 USD                                       ;      -719.96 USD

2012-06-11 * "Investing 40% of cash in VBMPX"
  Assets:US:Vanguard:VBMPX                         1.527 VBMPX       {157.21 USD}                    ;    240.05967 USD
  Assets:US:Vanguard:Cash                        -240.06 USD                                       ;      -240.06 USD

2012-06-11 * "Investing 60% of cash in RGAGX"
  Assets:US:Vanguard:RGAGX                         7.352 RGAGX        {48.97 USD}                    ;    360.02744 USD
  Assets:US:Vanguard:Cash                        -360.03 USD                                       ;      -360.03 USD

2012-06-22 * "Employer match for contribution"
  Assets:US:Vanguard:Cash                         600.00 USD
  Income:US:Hoogle:Match401k                     -600.00 USD

2012-06-25 * "Investing 40% of cash in VBMPX"
  Assets:US:Vanguard:VBMPX                         3.064 VBMPX       {156.67 USD}                    ;    480.03688 USD
  Assets:US:Vanguard:Cash                        -480.04 USD                                       ;      -480.04 USD

2012-06-25 * "Investing 60% of cash in RGAGX"
  Assets:US:Vanguard:RGAGX                        15.496 RGAGX        {46.46 USD}                    ;    719.94416 USD
  Assets:US:Vanguard:Cash                        -719.94 USD                                       ;      -719.94 USD

2012-06-25 * "Investing 40% of cash in VBMPX"
  Assets:US:Vanguard:VBMPX                         1.532 VBMPX       {156.67 USD}                    ;    240.01844 USD
  Assets:US:Vanguard:Cash                        -240.02 USD                                       ;      -240.02 USD

2012-06-25 * "Investing 60% of cash in RGAGX"
  Assets:US:Vanguard:RGAGX                         7.748 RGAGX        {46.46 USD}                    ;    359.97208 USD
  Assets:US:Vanguard:Cash                        -359.97 USD                                       ;      -359.97 USD

2012-07-06 * "Employer match for contribution"
  Assets:US:Vanguard:Cash                         600.00 USD
  Income:US:Hoogle:Match401k                     -600.00 USD

2012-07-09 * "Investing 40% of cash in VBMPX"
  Assets:US:Vanguard:VBMPX                         3.004 VBMPX       {159.79 USD}                    ;    480.00916 USD
  Assets:US:Vanguard:Cash                        -480.01 USD                                       ;      -480.01 USD

2012-07-09 * "Investing 60% of cash in RGAGX"
  Assets:US:Vanguard:RGAGX                        15.692 RGAGX        {45.88 USD}                    ;    719.94896 USD
  Assets:US:Vanguard:Cash                        -719.95 USD                                       ;      -719.95 USD

2012-07-09 * "Investing 40% of cash in VBMPX"
  Assets:US:Vanguard:VBMPX                         1.502 VBMPX       {159.79 USD}                    ;    240.00458 USD
  Assets:US:Vanguard:Cash                        -240.00 USD                                       ;      -240.00 USD

2012-07-09 * "Investing 60% of cash in RGAGX"
  Assets:US:Vanguard:RGAGX                         7.846 RGAGX        {45.88 USD}                    ;    359.97448 USD
  Assets:US:Vanguard:Cash                        -359.97 USD                                       ;      -359.97 USD

2012-07-20 * "Employer match for contribution"
  Assets:US:Vanguard:Cash                         100.00 USD
  Income:US:Hoogle:Match401k                     -100.00 USD

2012-07-23 * "Investing 40% of cash in VBMPX"
  Assets:US:Vanguard:VBMPX                         0.505 VBMPX       {158.44 USD}                    ;     80.01220 USD
  Assets:US:Vanguard:Cash                         -80.01 USD                                       ;       -80.01 USD

2012-07-23 * "Investing 60% of cash in RGAGX"
  Assets:US:Vanguard:RGAGX                         2.668 RGAGX        {44.98 USD}                    ;    120.00664 USD
  Assets:US:Vanguard:Cash                        -120.01 USD                                       ;      -120.01 USD

2012-07-23 * "Investing 40% of cash in VBMPX"
  Assets:US:Vanguard:VBMPX                         0.252 VBMPX       {158.44 USD}                    ;     39.92688 USD
  Assets:US:Vanguard:Cash                         -39.93 USD                                       ;       -39.93 USD

2012-07-23 * "Investing 60% of cash in RGAGX"
  Assets:US:Vanguard:RGAGX                         1.334 RGAGX        {44.98 USD}                    ;     60.00332 USD
  Assets:US:Vanguard:Cash                         -60.00 USD                                       ;       -60.00 USD

2013-01-04 * "Employer match for contribution"
  Assets:US:Vanguard:Cash                         600.00 USD
  Income:US:Hoogle:Match401k                     -600.00 USD

2013-01-07 * "Investing 40% of cash in VBMPX"
  Assets:US:Vanguard:VBMPX                          2.65 VBMPX       {181.16 USD}                    ;    480.07400 USD
  Assets:US:Vanguard:Cash                        -480.07 USD                                       ;      -480.07 USD

2013-01-07 * "Investing 60% of cash in RGAGX"
  Assets:US:Vanguard:RGAGX                         15.07 RGAGX        {47.78 USD}                    ;    720.04460 USD
  Assets:US:Vanguard:Cash                        -720.04 USD                                       ;      -720.04 USD

2013-01-07 * "Investing 40% of cash in VBMPX"
  Assets:US:Vanguard:VBMPX                         1.325 VBMPX       {181.16 USD}                    ;    240.03700 USD
  Assets:US:Vanguard:Cash                        -240.04 USD                                       ;      -240.04 USD

2013-01-07 * "Investing 60% of cash in RGAGX"
  Assets:US:Vanguard:RGAGX                         7.534 RGAGX        {47.78 USD}                    ;    359.97452 USD
  Assets:US:Vanguard:Cash                        -359.97 USD                                       ;      -359.97 USD

2013-01-18 * "Employer match for contribution"
  Assets:US:Vanguard:Cash                         600.00 USD
  Income:US:Hoogle:Match401k                     -600.00 USD

2013-01-21 * "Investing 40% of cash in VBMPX"
  Assets:US:Vanguard:VBMPX                          2.58 VBMPX       {186.02 USD}                    ;    479.93160 USD
  Assets:US:Vanguard:Cash                        -479.93 USD                                       ;      -479.93 USD

2013-01-21 * "Investing 60% of cash in RGAGX"
  Assets:US:Vanguard:RGAGX                        15.404 RGAGX        {46.74 USD}                    ;    719.98296 USD
  Assets:US:Vanguard:Cash                        -719.98 USD                                       ;      -719.98 USD

2013-01-21 * "Investing 40% of cash in VBMPX"
  Assets:US:Vanguard:VBMPX                          1.29 VBMPX       {186.02 USD}                    ;    239.96580 USD
  Assets:US:Vanguard:Cash                        -239.97 USD                                       ;      -239.97 USD

2013-01-21 * "Investing 60% of cash in RGAGX"
  Assets:US:Vanguard:RGAGX                         7.703 RGAGX        {46.74 USD}                    ;    360.03822 USD
  Assets:US:Vanguard:Cash                        -360.04 USD                                       ;      -360.04 USD

2013-02-01 * "Employer match for contribution"
  Assets:US:Vanguard:Cash                         600.00 USD
  Income:US:Hoogle:Match401k                     -600.00 USD

2013-02-04 * "Investing 40% of cash in VBMPX"
  Assets:US:Vanguard:VBMPX                          2.59 VBMPX       {185.32 USD}                    ;    479.97880 USD
  Assets:US:Vanguard:Cash                        -479.98 USD                                       ;      -479.98 USD

2013-02-04 * "Investing 60% of cash in RGAGX"
  Assets:US:Vanguard:RGAGX                        15.558 RGAGX        {46.28 USD}                    ;    720.02424 USD
  Assets:US:Vanguard:Cash                        -720.02 USD                                       ;      -720.02 USD

2013-02-04 * "Investing 40% of cash in VBMPX"
  Assets:US:Vanguard:VBMPX                         1.295 VBMPX       {185.32 USD}                    ;    239.98940 USD
  Assets:US:Vanguard:Cash                        -239.99 USD                                       ;      -239.99 USD

2013-02-04 * "Investing 60% of cash in RGAGX"
  Assets:US:Vanguard:RGAGX                         7.779 RGAGX        {46.28 USD}                    ;    360.01212 USD
  Assets:US:Vanguard:Cash                        -360.01 USD                                       ;      -360.01 USD

2013-02-15 * "Employer match for contribution"
  Assets:US:Vanguard:Cash                         600.00 USD
  Income:US:Hoogle:Match401k                     -600.00 USD

2013-02-18 * "Investing 40% of cash in VBMPX"
  Assets:US:Vanguard:VBMPX                         2.597 VBMPX       {184.82 USD}                    ;    479.97754 USD
  Assets:US:Vanguard:Cash                        -479.98 USD                                       ;      -479.98 USD

2013-02-18 * "Investing 60% of cash in RGAGX"
  Assets:US:Vanguard:RGAGX                        15.704 RGAGX        {45.85 USD}                    ;    720.02840 USD
  Assets:US:Vanguard:Cash                        -720.03 USD                                       ;      -720.03 USD

2013-02-18 * "Investing 40% of cash in VBMPX"
  Assets:US:Vanguard:VBMPX                         1.299 VBMPX       {184.82 USD}                    ;    240.08118 USD
  Assets:US:Vanguard:Cash                        -240.08 USD                                       ;      -240.08 USD

2013-02-18 * "Investing 60% of cash in RGAGX"
  Assets:US:Vanguard:RGAGX                         7.852 RGAGX        {45.85 USD}                    ;    360.01420 USD
  Assets:US:Vanguard:Cash                        -360.01 USD                                       ;      -360.01 USD

2013-03-01 * "Employer match for contribution"
  Assets:US:Vanguard:Cash                         600.00 USD
  Income:US:Hoogle:Match401k                     -600.00 USD

2013-03-04 * "Investing 40% of cash in VBMPX"
  Assets:US:Vanguard:VBMPX                         2.571 VBMPX       {186.70 USD}                    ;    480.00570 USD
  Assets:US:Vanguard:Cash                        -480.01 USD                                       ;      -480.01 USD

2013-03-04 * "Investing 60% of cash in RGAGX"
  Assets:US:Vanguard:RGAGX                        15.065 RGAGX        {47.79 USD}                    ;    719.95635 USD
  Assets:US:Vanguard:Cash                        -719.96 USD                                       ;      -719.96 USD

2013-03-04 * "Investing 40% of cash in VBMPX"
  Assets:US:Vanguard:VBMPX                         1.285 VBMPX       {186.70 USD}                    ;    239.90950 USD
  Assets:US:Vanguard:Cash                        -239.91 USD                                       ;      -239.91 USD

2013-03-04 * "Investing 60% of cash in RGAGX"
  Assets:US:Vanguard:RGAGX                         7.532 RGAGX        {47.79 USD}                    ;    359.95428 USD
  Assets:US:Vanguard:Cash                        -359.95 USD                                       ;      -359.95 USD

2013-03-15 * "Employer match for contribution"
  Assets:US:Vanguard:Cash                         600.00 USD
  Income:US:Hoogle:Match401k                     -600.00 USD

2013-03-18 * "Investing 40% of cash in VBMPX"
  Assets:US:Vanguard:VBMPX                         2.601 VBMPX       {184.59 USD}                    ;    480.11859 USD
  Assets:US:Vanguard:Cash                        -480.12 USD                                       ;      -480.12 USD

2013-03-18 * "Investing 60% of cash in RGAGX"
  Assets:US:Vanguard:RGAGX                        15.502 RGAGX        {46.45 USD}                    ;    720.06790 USD
  Assets:US:Vanguard:Cash                        -720.07 USD                                       ;      -720.07 USD

2013-03-18 * "Investing 40% of cash in VBMPX"
  Assets:US:Vanguard:VBMPX                          1.30 VBMPX       {184.59 USD}                    ;    239.96700 USD
  Assets:US:Vanguard:Cash                        -239.97 USD                                       ;      -239.97 USD

2013-03-18 * "Investing 60% of cash in RGAGX"
  Assets:US:Vanguard:RGAGX                         7.749 RGAGX        {46.45 USD}                    ;    359.94105 USD
  Assets:US:Vanguard:Cash                        -359.94 USD                                       ;      -359.94 USD

2013-03-29 * "Employer match for contribution"
  Assets:US:Vanguard:Cash                         600.00 USD
  Income:US:Hoogle:Match401k                     -600.00 USD

2013-04-01 * "Investing 40% of cash in VBMPX"
  Assets:US:Vanguard:VBMPX                         2.643 VBMPX       {181.60 USD}                    ;    479.96880 USD
  Assets:US:Vanguard:Cash                        -479.97 USD                                       ;      -479.97 USD

2013-04-01 * "Investing 60% of cash in RGAGX"
  Assets:US:Vanguard:RGAGX                        15.034 RGAGX        {47.89 USD}                    ;    719.97826 USD
  Assets:US:Vanguard:Cash                        -719.98 USD                                       ;      -719.98 USD

2013-04-01 * "Investing 40% of cash in VBMPX"
  Assets:US:Vanguard:VBMPX                         1.322 VBMPX       {181.60 USD}                    ;    240.07520 USD
  Assets:US:Vanguard:Cash                        -240.08 USD                                       ;      -240.08 USD

2013-04-01 * "Investing 60% of cash in RGAGX"
  Assets:US:Vanguard:RGAGX                         7.518 RGAGX        {47.89 USD}                    ;    360.03702 USD
  Assets:US:Vanguard:Cash                        -360.04 USD                                       ;      -360.04 USD

2013-04-12 * "Employer match for contribution"
  Assets:US:Vanguard:Cash                         600.00 USD
  Income:US:Hoogle:Match401k                     -600.00 USD

2013-04-15 * "Investing 40% of cash in VBMPX"
  Assets:US:Vanguard:VBMPX                         2.607 VBMPX       {184.12 USD}                    ;    480.00084 USD
  Assets:US:Vanguard:Cash                        -480.00 USD                                       ;      -480.00 USD

2013-04-15 * "Investing 60% of cash in RGAGX"
  Assets:US:Vanguard:RGAGX                        15.018 RGAGX        {47.94 USD}                    ;    719.96292 USD
  Assets:US:Vanguard:Cash                        -719.96 USD                                       ;      -719.96 USD

2013-04-15 * "Investing 40% of cash in VBMPX"
  Assets:US:Vanguard:VBMPX                         1.303 VBMPX       {184.12 USD}                    ;    239.90836 USD
  Assets:US:Vanguard:Cash                        -239.91 USD                                       ;      -239.91 USD

2013-04-15 * "Investing 60% of cash in RGAGX"
  Assets:US:Vanguard:RGAGX                         7.509 RGAGX        {47.94 USD}                    ;    359.98146 USD
  Assets:US:Vanguard:Cash                        -359.98 USD                                       ;      -359.98 USD

2013-04-26 * "Employer match for contribution"
  Assets:US:Vanguard:Cash                         600.00 USD
  Income:US:Hoogle:Match401k                     -600.00 USD

2013-04-29 * "Investing 40% of cash in VBMPX"
  Assets:US:Vanguard:VBMPX                          2.53 VBMPX       {189.72 USD}                    ;    479.99160 USD
  Assets:US:Vanguard:Cash                        -479.99 USD                                       ;      -479.99 USD

2013-04-29 * "Investing 60% of cash in RGAGX"
  Assets:US:Vanguard:RGAGX                        14.695 RGAGX        {49.00 USD}                    ;    720.05500 USD
  Assets:US:Vanguard:Cash                        -720.06 USD                                       ;      -720.06 USD

2013-04-29 * "Investing 40% of cash in VBMPX"
  Assets:US:Vanguard:VBMPX                         1.265 VBMPX       {189.72 USD}                    ;    239.99580 USD
  Assets:US:Vanguard:Cash                        -240.00 USD                                       ;      -240.00 USD

2013-04-29 * "Investing 60% of cash in RGAGX"
  Assets:US:Vanguard:RGAGX                         7.347 RGAGX        {49.00 USD}                    ;    360.00300 USD
  Assets:US:Vanguard:Cash                        -360.00 USD                                       ;      -360.00 USD

2013-05-10 * "Employer match for contribution"
  Assets:US:Vanguard:Cash                         600.00 USD
  Income:US:Hoogle:Match401k                     -600.00 USD

2013-05-13 * "Investing 40% of cash in VBMPX"
  Assets:US:Vanguard:VBMPX                         2.502 VBMPX       {191.83 USD}                    ;    479.95866 USD
  Assets:US:Vanguard:Cash                        -479.96 USD                                       ;      -479.96 USD

2013-05-13 * "Investing 60% of cash in RGAGX"
  Assets:US:Vanguard:RGAGX                        14.458 RGAGX        {49.80 USD}                    ;    720.00840 USD
  Assets:US:Vanguard:Cash                        -720.01 USD                                       ;      -720.01 USD

2013-05-13 * "Investing 40% of cash in VBMPX"
  Assets:US:Vanguard:VBMPX                         1.251 VBMPX       {191.83 USD}                    ;    239.97933 USD
  Assets:US:Vanguard:Cash                        -239.98 USD                                       ;      -239.98 USD

2013-05-13 * "Investing 60% of cash in RGAGX"
  Assets:US:Vanguard:RGAGX                          7.23 RGAGX        {49.80 USD}                    ;    360.05400 USD
  Assets:US:Vanguard:Cash                        -360.05 USD                                       ;      -360.05 USD

2013-05-24 * "Employer match for contribution"
  Assets:US:Vanguard:Cash                         600.00 USD
  Income:US:Hoogle:Match401k                     -600.00 USD

2013-05-27 * "Investing 40% of cash in VBMPX"
  Assets:US:Vanguard:VBMPX                          2.58 VBMPX       {186.05 USD}                    ;    480.00900 USD
  Assets:US:Vanguard:Cash                        -480.01 USD                                       ;      -480.01 USD

2013-05-27 * "Investing 60% of cash in RGAGX"
  Assets:US:Vanguard:RGAGX                        15.007 RGAGX        {47.98 USD}                    ;    720.03586 USD
  Assets:US:Vanguard:Cash                        -720.04 USD                                       ;      -720.04 USD

2013-05-27 * "Investing 40% of cash in VBMPX"
  Assets:US:Vanguard:VBMPX                          1.29 VBMPX       {186.05 USD}                    ;    240.00450 USD
  Assets:US:Vanguard:Cash                        -240.00 USD                                       ;      -240.00 USD

2013-05-27 * "Investing 60% of cash in RGAGX"
  Assets:US:Vanguard:RGAGX                         7.503 RGAGX        {47.98 USD}                    ;    359.99394 USD
  Assets:US:Vanguard:Cash                        -359.99 USD                                       ;      -359.99 USD

2013-06-07 * "Employer match for contribution"
  Assets:US:Vanguard:Cash                         600.00 USD
  Income:US:Hoogle:Match401k                     -600.00 USD

2013-06-10 * "Investing 40% of cash in VBMPX"
  Assets:US:Vanguard:VBMPX                         2.666 VBMPX       {180.05 USD}                    ;    480.01330 USD
  Assets:US:Vanguard:Cash                        -480.01 USD                                       ;      -480.01 USD

2013-06-10 * "Investing 60% of cash in RGAGX"
  Assets:US:Vanguard:RGAGX                        14.959 RGAGX        {48.13 USD}                    ;    719.97667 USD
  Assets:US:Vanguard:Cash                        -719.98 USD                                       ;      -719.98 USD

2013-06-10 * "Investing 40% of cash in VBMPX"
  Assets:US:Vanguard:VBMPX                         1.333 VBMPX       {180.05 USD}                    ;    240.00665 USD
  Assets:US:Vanguard:Cash                        -240.01 USD                                       ;      -240.01 USD

2013-06-10 * "Investing 60% of cash in RGAGX"
  Assets:US:Vanguard:RGAGX                          7.48 RGAGX        {48.13 USD}                    ;    360.01240 USD
  Assets:US:Vanguard:Cash                        -360.01 USD                                       ;      -360.01 USD

2013-06-21 * "Employer match for contribution"
  Assets:US:Vanguard:Cash                         600.00 USD
  Income:US:Hoogle:Match401k                     -600.00 USD

2013-06-24 * "Investing 40% of cash in VBMPX"
  Assets:US:Vanguard:VBMPX                          2.73 VBMPX       {175.82 USD}                    ;    479.98860 USD
  Assets:US:Vanguard:Cash                        -479.99 USD                                       ;      -479.99 USD

2013-06-24 * "Investing 60% of cash in RGAGX"
  Assets:US:Vanguard:RGAGX                        15.638 RGAGX        {46.04 USD}                    ;    719.97352 USD
  Assets:US:Vanguard:Cash                        -719.97 USD                                       ;      -719.97 USD

2013-06-24 * "Investing 40% of cash in VBMPX"
  Assets:US:Vanguard:VBMPX                         1.365 VBMPX       {175.82 USD}                    ;    239.99430 USD
  Assets:US:Vanguard:Cash                        -239.99 USD                                       ;      -239.99 USD

2013-06-24 * "Investing 60% of cash in RGAGX"
  Assets:US:Vanguard:RGAGX                          7.82 RGAGX        {46.04 USD}                    ;    360.03280 USD
  Assets:US:Vanguard:Cash                        -360.03 USD                                       ;      -360.03 USD

2013-07-05 * "Employer match for contribution"
  Assets:US:Vanguard:Cash                         600.00 USD
  Income:US:Hoogle:Match401k                     -600.00 USD

2013-07-08 * "Investing 40% of cash in VBMPX"
  Assets:US:Vanguard:VBMPX                         2.824 VBMPX       {169.96 USD}                    ;    479.96704 USD
  Assets:US:Vanguard:Cash                        -479.97 USD                                       ;      -479.97 USD

2013-07-08 * "Investing 60% of cash in RGAGX"
  Assets:US:Vanguard:RGAGX                        15.391 RGAGX        {46.78 USD}                    ;    719.99098 USD
  Assets:US:Vanguard:Cash                        -719.99 USD                                       ;      -719.99 USD

2013-07-08 * "Investing 40% of cash in VBMPX"
  Assets:US:Vanguard:VBMPX                         1.412 VBMPX       {169.96 USD}                    ;    239.98352 USD
  Assets:US:Vanguard:Cash                        -239.98 USD                                       ;      -239.98 USD

2013-07-08 * "Investing 60% of cash in RGAGX"
  Assets:US:Vanguard:RGAGX                         7.696 RGAGX        {46.78 USD}                    ;    360.01888 USD
  Assets:US:Vanguard:Cash                        -360.02 USD                                       ;      -360.02 USD

2013-07-19 * "Employer match for contribution"
  Assets:US:Vanguard:Cash                         350.00 USD
  Income:US:Hoogle:Match401k                     -350.00 USD

2013-07-22 * "Investing 40% of cash in VBMPX"
  Assets:US:Vanguard:VBMPX                         1.639 VBMPX       {170.82 USD}                    ;    279.97398 USD
  Assets:US:Vanguard:Cash                        -279.97 USD                                       ;      -279.97 USD

2013-07-22 * "Investing 60% of cash in RGAGX"
  Assets:US:Vanguard:RGAGX                         8.776 RGAGX        {47.86 USD}                    ;    420.01936 USD
  Assets:US:Vanguard:Cash                        -420.02 USD                                       ;      -420.02 USD

2013-07-22 * "Investing 40% of cash in VBMPX"
  Assets:US:Vanguard:VBMPX                          0.82 VBMPX       {170.82 USD}                    ;    140.07240 USD
  Assets:US:Vanguard:Cash                        -140.07 USD                                       ;      -140.07 USD

2013-07-22 * "Investing 60% of cash in RGAGX"
  Assets:US:Vanguard:RGAGX                         4.388 RGAGX        {47.86 USD}                    ;    210.00968 USD
  Assets:US:Vanguard:Cash                        -210.01 USD                                       ;      -210.01 USD

2014-01-03 * "Employer match for contribution"
  Assets:US:Vanguard:Cash                         600.00 USD
  Income:US:Hoogle:Match401k                     -600.00 USD

2014-01-06 * "Investing 40% of cash in VBMPX"
  Assets:US:Vanguard:VBMPX                          2.60 VBMPX       {184.64 USD}                    ;    480.06400 USD
  Assets:US:Vanguard:Cash                        -480.06 USD                                       ;      -480.06 USD

2014-01-06 * "Investing 60% of cash in RGAGX"
  Assets:US:Vanguard:RGAGX                        15.534 RGAGX        {46.35 USD}                    ;    720.00090 USD
  Assets:US:Vanguard:Cash                        -720.00 USD                                       ;      -720.00 USD

2014-01-06 * "Investing 40% of cash in VBMPX"
  Assets:US:Vanguard:VBMPX                          1.30 VBMPX       {184.64 USD}                    ;    240.03200 USD
  Assets:US:Vanguard:Cash                        -240.03 USD                                       ;      -240.03 USD

2014-01-06 * "Investing 60% of cash in RGAGX"
  Assets:US:Vanguard:RGAGX                         7.766 RGAGX        {46.35 USD}                    ;    359.95410 USD
  Assets:US:Vanguard:Cash                        -359.95 USD                                       ;      -359.95 USD

2014-01-17 * "Employer match for contribution"
  Assets:US:Vanguard:Cash                         600.00 USD
  Income:US:Hoogle:Match401k                     -600.00 USD

2014-01-20 * "Investing 40% of cash in VBMPX"
  Assets:US:Vanguard:VBMPX                         2.627 VBMPX       {182.74 USD}                    ;    480.05798 USD
  Assets:US:Vanguard:Cash                        -480.06 USD                                       ;      -480.06 USD

2014-01-20 * "Investing 60% of cash in RGAGX"
  Assets:US:Vanguard:RGAGX                        15.231 RGAGX        {47.27 USD}                    ;    719.96937 USD
  Assets:US:Vanguard:Cash                        -719.97 USD                                       ;      -719.97 USD

2014-01-20 * "Investing 40% of cash in VBMPX"
  Assets:US:Vanguard:VBMPX                         1.313 VBMPX       {182.74 USD}                    ;    239.93762 USD
  Assets:US:Vanguard:Cash                        -239.94 USD                                       ;      -239.94 USD

2014-01-20 * "Investing 60% of cash in RGAGX"
  Assets:US:Vanguard:RGAGX                         7.615 RGAGX        {47.27 USD}                    ;    359.96105 USD
  Assets:US:Vanguard:Cash                        -359.96 USD                                       ;      -359.96 USD

2014-01-31 * "Employer match for contribution"
  Assets:US:Vanguard:Cash                         600.00 USD
  Income:US:Hoogle:Match401k                     -600.00 USD

2014-02-03 * "Investing 40% of cash in VBMPX"
  Assets:US:Vanguard:VBMPX                         2.639 VBMPX       {181.86 USD}                    ;    479.92854 USD
  Assets:US:Vanguard:Cash                        -479.93 USD                                       ;      -479.93 USD

2014-02-03 * "Investing 60% of cash in RGAGX"
  Assets:US:Vanguard:RGAGX                        15.309 RGAGX        {47.03 USD}                    ;    719.98227 USD
  Assets:US:Vanguard:Cash                        -719.98 USD                                       ;      -719.98 USD

2014-02-03 * "Investing 40% of cash in VBMPX"
  Assets:US:Vanguard:VBMPX                          1.32 VBMPX       {181.86 USD}                    ;    240.05520 USD
  Assets:US:Vanguard:Cash                        -240.06 USD                                       ;      -240.06 USD

2014-02-03 * "Investing 60% of cash in RGAGX"
  Assets:US:Vanguard:RGAGX                         7.656 RGAGX        {47.03 USD}                    ;    360.06168 USD
  Assets:US:Vanguard:Cash                        -360.06 USD                                       ;      -360.06 USD

2014-02-14 * "Employer match for contribution"
  Assets:US:Vanguard:Cash                         600.00 USD
  Income:US:Hoogle:Match401k                     -600.00 USD

2014-02-17 * "Investing 40% of cash in VBMPX"
  Assets:US:Vanguard:VBMPX                         2.525 VBMPX       {190.12 USD}                    ;    480.05300 USD
  Assets:US:Vanguard:Cash                        -480.05 USD                                       ;      -480.05 USD

2014-02-17 * "Investing 60% of cash in RGAGX"
  Assets:US:Vanguard:RGAGX                         15.89 RGAGX        {45.31 USD}                    ;    719.97590 USD
  Assets:US:Vanguard:Cash                        -719.98 USD                                       ;      -719.98 USD

2014-02-17 * "Investing 40% of cash in VBMPX"
  Assets:US:Vanguard:VBMPX                         1.262 VBMPX       {190.12 USD}                    ;    239.93144 USD
  Assets:US:Vanguard:Cash                        -239.93 USD                                       ;      -239.93 USD

2014-02-17 * "Investing 60% of cash in RGAGX"
  Assets:US:Vanguard:RGAGX                         7.944 RGAGX        {45.31 USD}                    ;    359.94264 USD
  Assets:US:Vanguard:Cash                        -359.94 USD                                       ;      -359.94 USD

2014-02-28 * "Employer match for contribution"
  Assets:US:Vanguard:Cash                         600.00 USD
  Income:US:Hoogle:Match401k                     -600.00 USD

2014-03-03 * "Investing 40% of cash in VBMPX"
  Assets:US:Vanguard:VBMPX                         2.602 VBMPX       {184.48 USD}                    ;    480.01696 USD
  Assets:US:Vanguard:Cash                        -480.02 USD                                       ;      -480.02 USD

2014-03-03 * "Investing 60% of cash in RGAGX"
  Assets:US:Vanguard:RGAGX                        16.155 RGAGX        {44.57 USD}                    ;    720.02835 USD
  Assets:US:Vanguard:Cash                        -720.03 USD                                       ;      -720.03 USD

2014-03-03 * "Investing 40% of cash in VBMPX"
  Assets:US:Vanguard:VBMPX                         1.301 VBMPX       {184.48 USD}                    ;    240.00848 USD
  Assets:US:Vanguard:Cash                        -240.01 USD                                       ;      -240.01 USD

2014-03-03 * "Investing 60% of cash in RGAGX"
  Assets:US:Vanguard:RGAGX                         8.077 RGAGX        {44.57 USD}                    ;    359.99189 USD
  Assets:US:Vanguard:Cash                        -359.99 USD                                       ;      -359.99 USD

2014-03-14 * "Employer match for contribution"
  Assets:US:Vanguard:Cash                         600.00 USD
  Income:US:Hoogle:Match401k                     -600.00 USD

2014-03-17 * "Investing 40% of cash in VBMPX"
  Assets:US:Vanguard:VBMPX                         2.614 VBMPX       {183.66 USD}                    ;    480.08724 USD
  Assets:US:Vanguard:Cash                        -480.09 USD                                       ;      -480.09 USD

2014-03-17 * "Investing 60% of cash in RGAGX"
  Assets:US:Vanguard:RGAGX                         16.14 RGAGX        {44.61 USD}                    ;    720.00540 USD
  Assets:US:Vanguard:Cash                        -720.01 USD                                       ;      -720.01 USD

2014-03-17 * "Investing 40% of cash in VBMPX"
  Assets:US:Vanguard:VBMPX                         1.307 VBMPX       {183.66 USD}                    ;    240.04362 USD
  Assets:US:Vanguard:Cash                        -240.04 USD                                       ;      -240.04 USD

2014-03-17 * "Investing 60% of cash in RGAGX"
  Assets:US:Vanguard:RGAGX                         8.069 RGAGX        {44.61 USD}                    ;    359.95809 USD
  Assets:US:Vanguard:Cash                        -359.96 USD                                       ;      -359.96 USD

2014-03-28 * "Employer match for contribution"
  Assets:US:Vanguard:Cash                         600.00 USD
  Income:US:Hoogle:Match401k                     -600.00 USD

2014-03-31 * "Investing 40% of cash in VBMPX"
  Assets:US:Vanguard:VBMPX                         2.716 VBMPX       {176.75 USD}                    ;    480.05300 USD
  Assets:US:Vanguard:Cash                        -480.05 USD                                       ;      -480.05 USD

2014-03-31 * "Investing 60% of cash in RGAGX"
  Assets:US:Vanguard:RGAGX                        16.296 RGAGX        {44.18 USD}                    ;    719.95728 USD
  Assets:US:Vanguard:Cash                        -719.96 USD                                       ;      -719.96 USD

2014-03-31 * "Investing 40% of cash in VBMPX"
  Assets:US:Vanguard:VBMPX                         1.358 VBMPX       {176.75 USD}                    ;    240.02650 USD
  Assets:US:Vanguard:Cash                        -240.03 USD                                       ;      -240.03 USD

2014-03-31 * "Investing 60% of cash in RGAGX"
  Assets:US:Vanguard:RGAGX                         8.147 RGAGX        {44.18 USD}                    ;    359.93446 USD
  Assets:US:Vanguard:Cash                        -359.93 USD                                       ;      -359.93 USD

2014-04-11 * "Employer match for contribution"
  Assets:US:Vanguard:Cash                         600.00 USD
  Income:US:Hoogle:Match401k                     -600.00 USD

2014-04-14 * "Investing 40% of cash in VBMPX"
  Assets:US:Vanguard:VBMPX                         2.608 VBMPX       {184.04 USD}                    ;    479.97632 USD
  Assets:US:Vanguard:Cash                        -479.98 USD                                       ;      -479.98 USD

2014-04-14 * "Investing 60% of cash in RGAGX"
  Assets:US:Vanguard:RGAGX                        15.982 RGAGX        {45.05 USD}                    ;    719.98910 USD
  Assets:US:Vanguard:Cash                        -719.99 USD                                       ;      -719.99 USD

2014-04-14 * "Investing 40% of cash in VBMPX"
  Assets:US:Vanguard:VBMPX                         1.304 VBMPX       {184.04 USD}                    ;    239.98816 USD
  Assets:US:Vanguard:Cash                        -239.99 USD                                       ;      -239.99 USD

2014-04-14 * "Investing 60% of cash in RGAGX"
  Assets:US:Vanguard:RGAGX                         7.991 RGAGX        {45.05 USD}                    ;    359.99455 USD
  Assets:US:Vanguard:Cash                        -359.99 USD                                       ;      -359.99 USD

2014-04-25 * "Employer match for contribution"
  Assets:US:Vanguard:Cash                         600.00 USD
  Income:US:Hoogle:Match401k                     -600.00 USD

2014-04-28 * "Investing 40% of cash in VBMPX"
  Assets:US:Vanguard:VBMPX                         2.684 VBMPX       {178.85 USD}                    ;    480.03340 USD
  Assets:US:Vanguard:Cash                        -480.03 USD                                       ;      -480.03 USD

2014-04-28 * "Investing 60% of cash in RGAGX"
  Assets:US:Vanguard:RGAGX                        16.315 RGAGX        {44.13 USD}                    ;    719.98095 USD
  Assets:US:Vanguard:Cash                        -719.98 USD                                       ;      -719.98 USD

2014-04-28 * "Investing 40% of cash in VBMPX"
  Assets:US:Vanguard:VBMPX                         1.342 VBMPX       {178.85 USD}                    ;    240.01670 USD
  Assets:US:Vanguard:Cash                        -240.02 USD                                       ;      -240.02 USD

2014-04-28 * "Investing 60% of cash in RGAGX"
  Assets:US:Vanguard:RGAGX                         8.158 RGAGX        {44.13 USD}                    ;    360.01254 USD
  Assets:US:Vanguard:Cash                        -360.01 USD                                       ;      -360.01 USD

2014-05-09 * "Employer match for contribution"
  Assets:US:Vanguard:Cash                         600.00 USD
  Income:US:Hoogle:Match401k                     -600.00 USD

2014-05-12 * "Investing 40% of cash in VBMPX"
  Assets:US:Vanguard:VBMPX                         2.584 VBMPX       {185.78 USD}                    ;    480.05552 USD
  Assets:US:Vanguard:Cash                        -480.06 USD                                       ;      -480.06 USD

2014-05-12 * "Investing 60% of cash in RGAGX"
  Assets:US:Vanguard:RGAGX                        16.359 RGAGX        {44.01 USD}                    ;    719.95959 USD
  Assets:US:Vanguard:Cash                        -719.96 USD                                       ;      -719.96 USD

2014-05-12 * "Investing 40% of cash in VBMPX"
  Assets:US:Vanguard:VBMPX                         1.292 VBMPX       {185.78 USD}                    ;    240.02776 USD
  Assets:US:Vanguard:Cash                        -240.03 USD                                       ;      -240.03 USD

2014-05-12 * "Investing 60% of cash in RGAGX"
  Assets:US:Vanguard:RGAGX                         8.179 RGAGX        {44.01 USD}                    ;    359.95779 USD
  Assets:US:Vanguard:Cash                        -359.96 USD                                       ;      -359.96 USD

2014-05-23 * "Employer match for contribution"
  Assets:US:Vanguard:Cash                         600.00 USD
  Income:US:Hoogle:Match401k                     -600.00 USD

2014-05-26 * "Investing 40% of cash in VBMPX"
  Assets:US:Vanguard:VBMPX                         2.611 VBMPX       {183.80 USD}                    ;    479.90180 USD
  Assets:US:Vanguard:Cash                        -479.90 USD                                       ;      -479.90 USD

2014-05-26 * "Investing 60% of cash in RGAGX"
  Assets:US:Vanguard:RGAGX                        16.132 RGAGX        {44.63 USD}                    ;    719.97116 USD
  Assets:US:Vanguard:Cash                        -719.97 USD                                       ;      -719.97 USD

2014-05-26 * "Investing 40% of cash in VBMPX"
  Assets:US:Vanguard:VBMPX                         1.306 VBMPX       {183.80 USD}                    ;    240.04280 USD
  Assets:US:Vanguard:Cash                        -240.04 USD                                       ;      -240.04 USD

2014-05-26 * "Investing 60% of cash in RGAGX"
  Assets:US:Vanguard:RGAGX                         8.067 RGAGX        {44.63 USD}                    ;    360.03021 USD
  Assets:US:Vanguard:Cash                        -360.03 USD                                       ;      -360.03 USD

2014-06-06 * "Employer match for contribution"
  Assets:US:Vanguard:Cash                         600.00 USD
  Income:US:Hoogle:Match401k                     -600.00 USD

2014-06-09 * "Investing 40% of cash in VBMPX"
  Assets:US:Vanguard:VBMPX                         2.567 VBMPX       {187.00 USD}                    ;    480.02900 USD
  Assets:US:Vanguard:Cash                        -480.03 USD                                       ;      -480.03 USD

2014-06-09 * "Investing 60% of cash in RGAGX"
  Assets:US:Vanguard:RGAGX                         16.42 RGAGX        {43.85 USD}                    ;    720.01700 USD
  Assets:US:Vanguard:Cash                        -720.02 USD                                       ;      -720.02 USD

2014-06-09 * "Investing 40% of cash in VBMPX"
  Assets:US:Vanguard:VBMPX                         1.283 VBMPX       {187.00 USD}                    ;    239.92100 USD
  Assets:US:Vanguard:Cash                        -239.92 USD                                       ;      -239.92 USD

2014-06-09 * "Investing 60% of cash in RGAGX"
  Assets:US:Vanguard:RGAGX                         8.209 RGAGX        {43.85 USD}                    ;    359.96465 USD
  Assets:US:Vanguard:Cash                        -359.96 USD                                       ;      -359.96 USD

2014-06-20 * "Employer match for contribution"
  Assets:US:Vanguard:Cash                         600.00 USD
  Income:US:Hoogle:Match401k                     -600.00 USD

2014-06-23 * "Investing 40% of cash in VBMPX"
  Assets:US:Vanguard:VBMPX                         2.504 VBMPX       {191.67 USD}                    ;    479.94168 USD
  Assets:US:Vanguard:Cash                        -479.94 USD                                       ;      -479.94 USD

2014-06-23 * "Investing 60% of cash in RGAGX"
  Assets:US:Vanguard:RGAGX                        16.005 RGAGX        {44.99 USD}                    ;    720.06495 USD
  Assets:US:Vanguard:Cash                        -720.06 USD                                       ;      -720.06 USD

2014-06-23 * "Investing 40% of cash in VBMPX"
  Assets:US:Vanguard:VBMPX                         1.252 VBMPX       {191.67 USD}                    ;    239.97084 USD
  Assets:US:Vanguard:Cash                        -239.97 USD                                       ;      -239.97 USD

2014-06-23 * "Investing 60% of cash in RGAGX"
  Assets:US:Vanguard:RGAGX                         8.003 RGAGX        {44.99 USD}                    ;    360.05497 USD
  Assets:US:Vanguard:Cash                        -360.05 USD                                       ;      -360.05 USD

2014-07-04 * "Employer match for contribution"
  Assets:US:Vanguard:Cash                         600.00 USD
  Income:US:Hoogle:Match401k                     -600.00 USD

2014-07-07 * "Investing 40% of cash in VBMPX"
  Assets:US:Vanguard:VBMPX                         2.424 VBMPX       {198.07 USD}                    ;    480.12168 USD
  Assets:US:Vanguard:Cash                        -480.12 USD                                       ;      -480.12 USD

2014-07-07 * "Investing 60% of cash in RGAGX"
  Assets:US:Vanguard:RGAGX                        16.044 RGAGX        {44.88 USD}                    ;    720.05472 USD
  Assets:US:Vanguard:Cash                        -720.05 USD                                       ;      -720.05 USD

2014-07-07 * "Investing 40% of cash in VBMPX"
  Assets:US:Vanguard:VBMPX                         1.211 VBMPX       {198.07 USD}                    ;    239.86277 USD
  Assets:US:Vanguard:Cash                        -239.86 USD                                       ;      -239.86 USD

2014-07-07 * "Investing 60% of cash in RGAGX"
  Assets:US:Vanguard:RGAGX                          8.02 RGAGX        {44.88 USD}                    ;    359.93760 USD
  Assets:US:Vanguard:Cash                        -359.94 USD                                       ;      -359.94 USD

2014-07-18 * "Employer match for contribution"
  Assets:US:Vanguard:Cash                         350.00 USD
  Income:US:Hoogle:Match401k                     -350.00 USD

2014-07-21 * "Investing 40% of cash in VBMPX"
  Assets:US:Vanguard:VBMPX                         1.411 VBMPX       {198.47 USD}                    ;    280.04117 USD
  Assets:US:Vanguard:Cash                        -280.04 USD                                       ;      -280.04 USD

2014-07-21 * "Investing 60% of cash in RGAGX"
  Assets:US:Vanguard:RGAGX                          9.13 RGAGX        {46.01 USD}                    ;    420.07130 USD
  Assets:US:Vanguard:Cash                        -420.07 USD                                       ;      -420.07 USD

2014-07-21 * "Investing 40% of cash in VBMPX"
  Assets:US:Vanguard:VBMPX                         0.705 VBMPX       {198.47 USD}                    ;    139.92135 USD
  Assets:US:Vanguard:Cash                        -139.92 USD                                       ;      -139.92 USD

2014-07-21 * "Investing 60% of cash in RGAGX"
  Assets:US:Vanguard:RGAGX                         4.564 RGAGX        {46.01 USD}                    ;    209.98964 USD
  Assets:US:Vanguard:Cash                        -209.99 USD                                       ;      -209.99 USD

* Sources of Income

2012-01-01 open Income:US:Hoogle:Salary                      USD

2012-01-01 open Income:US:Hoogle:GroupTermLife               USD

2012-01-01 open Income:US:Hoogle:Vacation                    VACHR

2012-01-01 open Assets:US:Hoogle:Vacation                    VACHR

2012-01-01 open Expenses:Health:Life:GroupTermLife              

2012-01-01 open Expenses:Health:Medical:Insurance               

2012-01-01 open Expenses:Health:Dental:Insurance                

2012-01-01 open Expenses:Health:Vision:Insurance                

2012-01-01 event "employer" "Hoogle, 1600 Amphibious Parkway, River View, CA"

2012-01-05 * "Hoogle" | "Payroll"
  Assets:US:BofA:Checking                                               1,350.60 USD
  Assets:US:Vanguard:Cash                                              1,200.00 USD
  Assets:US:Federal:PreTax401k                                       -1,200.00 IRAUSD
  Expenses:Taxes:Y2012:US:Federal:PreTax401k                          1,200.00 IRAUSD
  Income:US:Hoogle:Salary                                            -4,615.38 USD
  Income:US:Hoogle:GroupTermLife                  -24.32 USD
  Expenses:Health:Life:GroupTermLife               24.32 USD
  Expenses:Health:Dental:Insurance                  2.90 USD
  Expenses:Health:Medical:Insurance                27.38 USD
  Expenses:Health:Vision:Insurance                 42.30 USD
  Expenses:Taxes:Y2012:US:Medicare                106.62 USD
  Expenses:Taxes:Y2012:US:Federal                                        1,062.92 USD
  Expenses:Taxes:Y2012:US:State                   365.08 USD
  Expenses:Taxes:Y2012:US:CityNYC                 174.92 USD
  Expenses:Taxes:Y2012:US:SDI                       1.12 USD
  Expenses:Taxes:Y2012:US:SocSec                  281.54 USD
  Assets:US:Hoogle:Vacation                         4.62 VACHR
  Income:US:Hoogle:Vacation                        -4.62 VACHR

2012-01-19 * "Hoogle" | "Payroll"
  Assets:US:BofA:Checking                                               1,350.60 USD
  Assets:US:Vanguard:Cash                                              1,200.00 USD
  Assets:US:Federal:PreTax401k                                       -1,200.00 IRAUSD
  Expenses:Taxes:Y2012:US:Federal:PreTax401k                          1,200.00 IRAUSD
  Income:US:Hoogle:Salary                                            -4,615.38 USD
  Income:US:Hoogle:GroupTermLife                  -24.32 USD
  Expenses:Health:Life:GroupTermLife               24.32 USD
  Expenses:Health:Dental:Insurance                  2.90 USD
  Expenses:Health:Medical:Insurance                27.38 USD
  Expenses:Health:Vision:Insurance                 42.30 USD
  Expenses:Taxes:Y2012:US:Medicare                106.62 USD
  Expenses:Taxes:Y2012:US:Federal                                        1,062.92 USD
  Expenses:Taxes:Y2012:US:State                   365.08 USD
  Expenses:Taxes:Y2012:US:CityNYC                 174.92 USD
  Expenses:Taxes:Y2012:US:SDI                       1.12 USD
  Expenses:Taxes:Y2012:US:SocSec                  281.54 USD
  Assets:US:Hoogle:Vacation                         4.62 VACHR
  Income:US:Hoogle:Vacation                        -4.62 VACHR

2012-02-02 * "Hoogle" | "Payroll"
  Assets:US:BofA:Checking                                               1,350.60 USD
  Assets:US:Vanguard:Cash                                              1,200.00 USD
  Assets:US:Federal:PreTax401k                                       -1,200.00 IRAUSD
  Expenses:Taxes:Y2012:US:Federal:PreTax401k                          1,200.00 IRAUSD
  Income:US:Hoogle:Salary                                            -4,615.38 USD
  Income:US:Hoogle:GroupTermLife                  -24.32 USD
  Expenses:Health:Life:GroupTermLife               24.32 USD
  Expenses:Health:Dental:Insurance                  2.90 USD
  Expenses:Health:Medical:Insurance                27.38 USD
  Expenses:Health:Vision:Insurance                 42.30 USD
  Expenses:Taxes:Y2012:US:Medicare                106.62 USD
  Expenses:Taxes:Y2012:US:Federal                                        1,062.92 USD
  Expenses:Taxes:Y2012:US:State                   365.08 USD
  Expenses:Taxes:Y2012:US:CityNYC                 174.92 USD
  Expenses:Taxes:Y2012:US:SDI                       1.12 USD
  Expenses:Taxes:Y2012:US:SocSec                  281.54 USD
  Assets:US:Hoogle:Vacation                         4.62 VACHR
  Income:US:Hoogle:Vacation                        -4.62 VACHR

2012-02-16 * "Hoogle" | "Payroll"
  Assets:US:BofA:Checking                                               1,350.60 USD
  Assets:US:Vanguard:Cash                                              1,200.00 USD
  Assets:US:Federal:PreTax401k                                       -1,200.00 IRAUSD
  Expenses:Taxes:Y2012:US:Federal:PreTax401k                          1,200.00 IRAUSD
  Income:US:Hoogle:Salary                                            -4,615.38 USD
  Income:US:Hoogle:GroupTermLife                  -24.32 USD
  Expenses:Health:Life:GroupTermLife               24.32 USD
  Expenses:Health:Dental:Insurance                  2.90 USD
  Expenses:Health:Medical:Insurance                27.38 USD
  Expenses:Health:Vision:Insurance                 42.30 USD
  Expenses:Taxes:Y2012:US:Medicare                106.62 USD
  Expenses:Taxes:Y2012:US:Federal                                        1,062.92 USD
  Expenses:Taxes:Y2012:US:State                   365.08 USD
  Expenses:Taxes:Y2012:US:CityNYC                 174.92 USD
  Expenses:Taxes:Y2012:US:SDI                       1.12 USD
  Expenses:Taxes:Y2012:US:SocSec                  281.54 USD
  Assets:US:Hoogle:Vacation                         4.62 VACHR
  Income:US:Hoogle:Vacation                        -4.62 VACHR

2012-03-01 * "Hoogle" | "Payroll"
  Assets:US:BofA:Checking                                               1,350.60 USD
  Assets:US:Vanguard:Cash                                              1,200.00 USD
  Assets:US:Federal:PreTax401k                                       -1,200.00 IRAUSD
  Expenses:Taxes:Y2012:US:Federal:PreTax401k                          1,200.00 IRAUSD
  Income:US:Hoogle:Salary                                            -4,615.38 USD
  Income:US:Hoogle:GroupTermLife                  -24.32 USD
  Expenses:Health:Life:GroupTermLife               24.32 USD
  Expenses:Health:Dental:Insurance                  2.90 USD
  Expenses:Health:Medical:Insurance                27.38 USD
  Expenses:Health:Vision:Insurance                 42.30 USD
  Expenses:Taxes:Y2012:US:Medicare                106.62 USD
  Expenses:Taxes:Y2012:US:Federal                                        1,062.92 USD
  Expenses:Taxes:Y2012:US:State                   365.08 USD
  Expenses:Taxes:Y2012:US:CityNYC                 174.92 USD
  Expenses:Taxes:Y2012:US:SDI                       1.12 USD
  Expenses:Taxes:Y2012:US:SocSec                  281.54 USD
  Assets:US:Hoogle:Vacation                         4.62 VACHR
  Income:US:Hoogle:Vacation                        -4.62 VACHR

2012-03-15 * "Hoogle" | "Payroll"
  Assets:US:BofA:Checking                                               1,350.60 USD
  Assets:US:Vanguard:Cash                                              1,200.00 USD
  Assets:US:Federal:PreTax401k                                       -1,200.00 IRAUSD
  Expenses:Taxes:Y2012:US:Federal:PreTax401k                          1,200.00 IRAUSD
  Income:US:Hoogle:Salary                                            -4,615.38 USD
  Income:US:Hoogle:GroupTermLife                  -24.32 USD
  Expenses:Health:Life:GroupTermLife               24.32 USD
  Expenses:Health:Dental:Insurance                  2.90 USD
  Expenses:Health:Medical:Insurance                27.38 USD
  Expenses:Health:Vision:Insurance                 42.30 USD
  Expenses:Taxes:Y2012:US:Medicare                106.62 USD
  Expenses:Taxes:Y2012:US:Federal                                        1,062.92 USD
  Expenses:Taxes:Y2012:US:State                   365.08 USD
  Expenses:Taxes:Y2012:US:CityNYC                 174.92 USD
  Expenses:Taxes:Y2012:US:SDI                       1.12 USD
  Expenses:Taxes:Y2012:US:SocSec                  281.54 USD
  Assets:US:Hoogle:Vacation                         4.62 VACHR
  Income:US:Hoogle:Vacation                        -4.62 VACHR

2012-03-29 * "Hoogle" | "Payroll"
  Assets:US:BofA:Checking                                               1,350.60 USD
  Assets:US:Vanguard:Cash                                              1,200.00 USD
  Assets:US:Federal:PreTax401k                                       -1,200.00 IRAUSD
  Expenses:Taxes:Y2012:US:Federal:PreTax401k                          1,200.00 IRAUSD
  Income:US:Hoogle:Salary                                            -4,615.38 USD
  Income:US:Hoogle:GroupTermLife                  -24.32 USD
  Expenses:Health:Life:GroupTermLife               24.32 USD
  Expenses:Health:Dental:Insurance                  2.90 USD
  Expenses:Health:Medical:Insurance                27.38 USD
  Expenses:Health:Vision:Insurance                 42.30 USD
  Expenses:Taxes:Y2012:US:Medicare                106.62 USD
  Expenses:Taxes:Y2012:US:Federal                                        1,062.92 USD
  Expenses:Taxes:Y2012:US:State                   365.08 USD
  Expenses:Taxes:Y2012:US:CityNYC                 174.92 USD
  Expenses:Taxes:Y2012:US:SDI                       1.12 USD
  Expenses:Taxes:Y2012:US:SocSec                  281.54 USD
  Assets:US:Hoogle:Vacation                         4.62 VACHR
  Income:US:Hoogle:Vacation                        -4.62 VACHR

2012-04-12 * "Hoogle" | "Payroll"
  Assets:US:BofA:Checking                                               1,350.60 USD
  Assets:US:Vanguard:Cash                                              1,200.00 USD
  Assets:US:Federal:PreTax401k                                       -1,200.00 IRAUSD
  Expenses:Taxes:Y2012:US:Federal:PreTax401k                          1,200.00 IRAUSD
  Income:US:Hoogle:Salary                                            -4,615.38 USD
  Income:US:Hoogle:GroupTermLife                  -24.32 USD
  Expenses:Health:Life:GroupTermLife               24.32 USD
  Expenses:Health:Dental:Insurance                  2.90 USD
  Expenses:Health:Medical:Insurance                27.38 USD
  Expenses:Health:Vision:Insurance                 42.30 USD
  Expenses:Taxes:Y2012:US:Medicare                106.62 USD
  Expenses:Taxes:Y2012:US:Federal                                        1,062.92 USD
  Expenses:Taxes:Y2012:US:State                   365.08 USD
  Expenses:Taxes:Y2012:US:CityNYC                 174.92 USD
  Expenses:Taxes:Y2012:US:SDI                       1.12 USD
  Expenses:Taxes:Y2012:US:SocSec                  281.54 USD
  Assets:US:Hoogle:Vacation                         4.62 VACHR
  Income:US:Hoogle:Vacation                        -4.62 VACHR

2012-04-26 * "Hoogle" | "Payroll"
  Assets:US:BofA:Checking                                               1,350.60 USD
  Assets:US:Vanguard:Cash                                              1,200.00 USD
  Assets:US:Federal:PreTax401k                                       -1,200.00 IRAUSD
  Expenses:Taxes:Y2012:US:Federal:PreTax401k                          1,200.00 IRAUSD
  Income:US:Hoogle:Salary                                            -4,615.38 USD
  Income:US:Hoogle:GroupTermLife                  -24.32 USD
  Expenses:Health:Life:GroupTermLife               24.32 USD
  Expenses:Health:Dental:Insurance                  2.90 USD
  Expenses:Health:Medical:Insurance                27.38 USD
  Expenses:Health:Vision:Insurance                 42.30 USD
  Expenses:Taxes:Y2012:US:Medicare                106.62 USD
  Expenses:Taxes:Y2012:US:Federal                                        1,062.92 USD
  Expenses:Taxes:Y2012:US:State                   365.08 USD
  Expenses:Taxes:Y2012:US:CityNYC                 174.92 USD
  Expenses:Taxes:Y2012:US:SDI                       1.12 USD
  Expenses:Taxes:Y2012:US:SocSec                  281.54 USD
  Assets:US:Hoogle:Vacation                         4.62 VACHR
  Income:US:Hoogle:Vacation                        -4.62 VACHR

2012-05-10 * "Hoogle" | "Payroll"
  Assets:US:BofA:Checking                                               1,350.60 USD
  Assets:US:Vanguard:Cash                                              1,200.00 USD
  Assets:US:Federal:PreTax401k                                       -1,200.00 IRAUSD
  Expenses:Taxes:Y2012:US:Federal:PreTax401k                          1,200.00 IRAUSD
  Income:US:Hoogle:Salary                                            -4,615.38 USD
  Income:US:Hoogle:GroupTermLife                  -24.32 USD
  Expenses:Health:Life:GroupTermLife               24.32 USD
  Expenses:Health:Dental:Insurance                  2.90 USD
  Expenses:Health:Medical:Insurance                27.38 USD
  Expenses:Health:Vision:Insurance                 42.30 USD
  Expenses:Taxes:Y2012:US:Medicare                106.62 USD
  Expenses:Taxes:Y2012:US:Federal                                        1,062.92 USD
  Expenses:Taxes:Y2012:US:State                   365.08 USD
  Expenses:Taxes:Y2012:US:CityNYC                 174.92 USD
  Expenses:Taxes:Y2012:US:SDI                       1.12 USD
  Expenses:Taxes:Y2012:US:SocSec                  281.54 USD
  Assets:US:Hoogle:Vacation                         4.62 VACHR
  Income:US:Hoogle:Vacation                        -4.62 VACHR

2012-05-24 * "Hoogle" | "Payroll"
  Assets:US:BofA:Checking                                               1,350.60 USD
  Assets:US:Vanguard:Cash                                              1,200.00 USD
  Assets:US:Federal:PreTax401k                                       -1,200.00 IRAUSD
  Expenses:Taxes:Y2012:US:Federal:PreTax401k                          1,200.00 IRAUSD
  Income:US:Hoogle:Salary                                            -4,615.38 USD
  Income:US:Hoogle:GroupTermLife                  -24.32 USD
  Expenses:Health:Life:GroupTermLife               24.32 USD
  Expenses:Health:Dental:Insurance                  2.90 USD
  Expenses:Health:Medical:Insurance                27.38 USD
  Expenses:Health:Vision:Insurance                 42.30 USD
  Expenses:Taxes:Y2012:US:Medicare                106.62 USD
  Expenses:Taxes:Y2012:US:Federal                                        1,062.92 USD
  Expenses:Taxes:Y2012:US:State                   365.08 USD
  Expenses:Taxes:Y2012:US:CityNYC                 174.92 USD
  Expenses:Taxes:Y2012:US:SDI                       1.12 USD
  Expenses:Taxes:Y2012:US:SocSec                  281.54 USD
  Assets:US:Hoogle:Vacation                         4.62 VACHR
  Income:US:Hoogle:Vacation                        -4.62 VACHR

2012-06-07 * "Hoogle" | "Payroll"
  Assets:US:BofA:Checking                                               1,350.60 USD
  Assets:US:Vanguard:Cash                                              1,200.00 USD
  Assets:US:Federal:PreTax401k                                       -1,200.00 IRAUSD
  Expenses:Taxes:Y2012:US:Federal:PreTax401k                          1,200.00 IRAUSD
  Income:US:Hoogle:Salary                                            -4,615.38 USD
  Income:US:Hoogle:GroupTermLife                  -24.32 USD
  Expenses:Health:Life:GroupTermLife               24.32 USD
  Expenses:Health:Dental:Insurance                  2.90 USD
  Expenses:Health:Medical:Insurance                27.38 USD
  Expenses:Health:Vision:Insurance                 42.30 USD
  Expenses:Taxes:Y2012:US:Medicare                106.62 USD
  Expenses:Taxes:Y2012:US:Federal                                        1,062.92 USD
  Expenses:Taxes:Y2012:US:State                   365.08 USD
  Expenses:Taxes:Y2012:US:CityNYC                 174.92 USD
  Expenses:Taxes:Y2012:US:SDI                       1.12 USD
  Expenses:Taxes:Y2012:US:SocSec                  281.54 USD
  Assets:US:Hoogle:Vacation                         4.62 VACHR
  Income:US:Hoogle:Vacation                        -4.62 VACHR

2012-06-21 * "Hoogle" | "Payroll"
  Assets:US:BofA:Checking                                               1,350.60 USD
  Assets:US:Vanguard:Cash                                              1,200.00 USD
  Assets:US:Federal:PreTax401k                                       -1,200.00 IRAUSD
  Expenses:Taxes:Y2012:US:Federal:PreTax401k                          1,200.00 IRAUSD
  Income:US:Hoogle:Salary                                            -4,615.38 USD
  Income:US:Hoogle:GroupTermLife                  -24.32 USD
  Expenses:Health:Life:GroupTermLife               24.32 USD
  Expenses:Health:Dental:Insurance                  2.90 USD
  Expenses:Health:Medical:Insurance                27.38 USD
  Expenses:Health:Vision:Insurance                 42.30 USD
  Expenses:Taxes:Y2012:US:Medicare                106.62 USD
  Expenses:Taxes:Y2012:US:Federal                                        1,062.92 USD
  Expenses:Taxes:Y2012:US:State                   365.08 USD
  Expenses:Taxes:Y2012:US:CityNYC                 174.92 USD
  Expenses:Taxes:Y2012:US:SDI                       1.12 USD
  Expenses:Taxes:Y2012:US:SocSec                  281.54 USD
  Assets:US:Hoogle:Vacation                         4.62 VACHR
  Income:US:Hoogle:Vacation                        -4.62 VACHR

2012-07-05 * "Hoogle" | "Payroll"
  Assets:US:BofA:Checking                                               1,350.60 USD
  Assets:US:Vanguard:Cash                                              1,200.00 USD
  Assets:US:Federal:PreTax401k                                       -1,200.00 IRAUSD
  Expenses:Taxes:Y2012:US:Federal:PreTax401k                          1,200.00 IRAUSD
  Income:US:Hoogle:Salary                                            -4,615.38 USD
  Income:US:Hoogle:GroupTermLife                  -24.32 USD
  Expenses:Health:Life:GroupTermLife               24.32 USD
  Expenses:Health:Dental:Insurance                  2.90 USD
  Expenses:Health:Medical:Insurance                27.38 USD
  Expenses:Health:Vision:Insurance                 42.30 USD
  Expenses:Taxes:Y2012:US:Medicare                106.62 USD
  Expenses:Taxes:Y2012:US:Federal                                        1,062.92 USD
  Expenses:Taxes:Y2012:US:State                   365.08 USD
  Expenses:Taxes:Y2012:US:CityNYC                 174.92 USD
  Expenses:Taxes:Y2012:US:SDI                       1.12 USD
  Expenses:Taxes:Y2012:US:SocSec                  281.54 USD
  Assets:US:Hoogle:Vacation                         4.62 VACHR
  Income:US:Hoogle:Vacation                        -4.62 VACHR

2012-07-19 * "Hoogle" | "Payroll"
  Assets:US:BofA:Checking                                               2,350.60 USD
  Assets:US:Vanguard:Cash                         200.00 USD
  Assets:US:Federal:PreTax401k                   -200.00 IRAUSD
  Expenses:Taxes:Y2012:US:Federal:PreTax401k      200.00 IRAUSD
  Income:US:Hoogle:Salary                                            -4,615.38 USD
  Income:US:Hoogle:GroupTermLife                  -24.32 USD
  Expenses:Health:Life:GroupTermLife               24.32 USD
  Expenses:Health:Dental:Insurance                  2.90 USD
  Expenses:Health:Medical:Insurance                27.38 USD
  Expenses:Health:Vision:Insurance                 42.30 USD
  Expenses:Taxes:Y2012:US:Medicare                106.62 USD
  Expenses:Taxes:Y2012:US:Federal                                        1,062.92 USD
  Expenses:Taxes:Y2012:US:State                   365.08 USD
  Expenses:Taxes:Y2012:US:CityNYC                 174.92 USD
  Expenses:Taxes:Y2012:US:SDI                       1.12 USD
  Expenses:Taxes:Y2012:US:SocSec                  281.54 USD
  Assets:US:Hoogle:Vacation                         4.62 VACHR
  Income:US:Hoogle:Vacation                        -4.62 VACHR

2012-08-02 * "Hoogle" | "Payroll"
  Assets:US:BofA:Checking                                               2,550.60 USD
  Income:US:Hoogle:Salary                                            -4,615.38 USD
  Income:US:Hoogle:GroupTermLife                  -24.32 USD
  Expenses:Health:Life:GroupTermLife               24.32 USD
  Expenses:Health:Dental:Insurance                  2.90 USD
  Expenses:Health:Medical:Insurance                27.38 USD
  Expenses:Health:Vision:Insurance                 42.30 USD
  Expenses:Taxes:Y2012:US:Medicare                106.62 USD
  Expenses:Taxes:Y2012:US:Federal                                        1,062.92 USD
  Expenses:Taxes:Y2012:US:State                   365.08 USD
  Expenses:Taxes:Y2012:US:CityNYC                 174.92 USD
  Expenses:Taxes:Y2012:US:SDI                       1.12 USD
  Expenses:Taxes:Y2012:US:SocSec                  281.54 USD
  Assets:US:Hoogle:Vacation                         4.62 VACHR
  Income:US:Hoogle:Vacation                        -4.62 VACHR

2012-08-16 * "Hoogle" | "Payroll"
  Assets:US:BofA:Checking                                               2,550.60 USD
  Income:US:Hoogle:Salary                                            -4,615.38 USD
  Income:US:Hoogle:GroupTermLife                  -24.32 USD
  Expenses:Health:Life:GroupTermLife               24.32 USD
  Expenses:Health:Dental:Insurance                  2.90 USD
  Expenses:Health:Medical:Insurance                27.38 USD
  Expenses:Health:Vision:Insurance                 42.30 USD
  Expenses:Taxes:Y2012:US:Medicare                106.62 USD
  Expenses:Taxes:Y2012:US:Federal                                        1,062.92 USD
  Expenses:Taxes:Y2012:US:State                   365.08 USD
  Expenses:Taxes:Y2012:US:CityNYC                 174.92 USD
  Expenses:Taxes:Y2012:US:SDI                       1.12 USD
  Expenses:Taxes:Y2012:US:SocSec                  281.54 USD
  Assets:US:Hoogle:Vacation                         4.62 VACHR
  Income:US:Hoogle:Vacation                        -4.62 VACHR

2012-08-30 * "Hoogle" | "Payroll"
  Assets:US:BofA:Checking                                               2,550.60 USD
  Income:US:Hoogle:Salary                                            -4,615.38 USD
  Income:US:Hoogle:GroupTermLife                  -24.32 USD
  Expenses:Health:Life:GroupTermLife               24.32 USD
  Expenses:Health:Dental:Insurance                  2.90 USD
  Expenses:Health:Medical:Insurance                27.38 USD
  Expenses:Health:Vision:Insurance                 42.30 USD
  Expenses:Taxes:Y2012:US:Medicare                106.62 USD
  Expenses:Taxes:Y2012:US:Federal                                        1,062.92 USD
  Expenses:Taxes:Y2012:US:State                   365.08 USD
  Expenses:Taxes:Y2012:US:CityNYC                 174.92 USD
  Expenses:Taxes:Y2012:US:SDI                       1.12 USD
  Expenses:Taxes:Y2012:US:SocSec                  281.54 USD
  Assets:US:Hoogle:Vacation                         4.62 VACHR
  Income:US:Hoogle:Vacation                        -4.62 VACHR

2012-09-13 * "Hoogle" | "Payroll"
  Assets:US:BofA:Checking                                               2,550.60 USD
  Income:US:Hoogle:Salary                                            -4,615.38 USD
  Income:US:Hoogle:GroupTermLife                  -24.32 USD
  Expenses:Health:Life:GroupTermLife               24.32 USD
  Expenses:Health:Dental:Insurance                  2.90 USD
  Expenses:Health:Medical:Insurance                27.38 USD
  Expenses:Health:Vision:Insurance                 42.30 USD
  Expenses:Taxes:Y2012:US:Medicare                106.62 USD
  Expenses:Taxes:Y2012:US:Federal                                        1,062.92 USD
  Expenses:Taxes:Y2012:US:State                   365.08 USD
  Expenses:Taxes:Y2012:US:CityNYC                 174.92 USD
  Expenses:Taxes:Y2012:US:SDI                       1.12 USD
  Expenses:Taxes:Y2012:US:SocSec                  281.54 USD
  Assets:US:Hoogle:Vacation                         4.62 VACHR
  Income:US:Hoogle:Vacation                        -4.62 VACHR

2012-09-27 * "Hoogle" | "Payroll"
  Assets:US:BofA:Checking                                               2,550.60 USD
  Income:US:Hoogle:Salary                                            -4,615.38 USD
  Income:US:Hoogle:GroupTermLife                  -24.32 USD
  Expenses:Health:Life:GroupTermLife               24.32 USD
  Expenses:Health:Dental:Insurance                  2.90 USD
  Expenses:Health:Medical:Insurance                27.38 USD
  Expenses:Health:Vision:Insurance                 42.30 USD
  Expenses:Taxes:Y2012:US:Medicare                106.62 USD
  Expenses:Taxes:Y2012:US:Federal                                        1,062.92 USD
  Expenses:Taxes:Y2012:US:State                   365.08 USD
  Expenses:Taxes:Y2012:US:CityNYC                 174.92 USD
  Expenses:Taxes:Y2012:US:SDI                       1.12 USD
  Expenses:Taxes:Y2012:US:SocSec                  281.54 USD
  Assets:US:Hoogle:Vacation                         4.62 VACHR
  Income:US:Hoogle:Vacation                        -4.62 VACHR

2012-10-11 * "Hoogle" | "Payroll"
  Assets:US:BofA:Checking                                               2,550.60 USD
  Income:US:Hoogle:Salary                                            -4,615.38 USD
  Income:US:Hoogle:GroupTermLife                  -24.32 USD
  Expenses:Health:Life:GroupTermLife               24.32 USD
  Expenses:Health:Dental:Insurance                  2.90 USD
  Expenses:Health:Medical:Insurance                27.38 USD
  Expenses:Health:Vision:Insurance                 42.30 USD
  Expenses:Taxes:Y2012:US:Medicare                106.62 USD
  Expenses:Taxes:Y2012:US:Federal                                        1,062.92 USD
  Expenses:Taxes:Y2012:US:State                   365.08 USD
  Expenses:Taxes:Y2012:US:CityNYC                 174.92 USD
  Expenses:Taxes:Y2012:US:SDI                       1.12 USD
  Expenses:Taxes:Y2012:US:SocSec                  281.54 USD
  Assets:US:Hoogle:Vacation                         4.62 VACHR
  Income:US:Hoogle:Vacation                        -4.62 VACHR

2012-10-25 * "Hoogle" | "Payroll"
  Assets:US:BofA:Checking                                               2,550.60 USD
  Income:US:Hoogle:Salary                                            -4,615.38 USD
  Income:US:Hoogle:GroupTermLife                  -24.32 USD
  Expenses:Health:Life:GroupTermLife               24.32 USD
  Expenses:Health:Dental:Insurance                  2.90 USD
  Expenses:Health:Medical:Insurance                27.38 USD
  Expenses:Health:Vision:Insurance                 42.30 USD
  Expenses:Taxes:Y2012:US:Medicare                106.62 USD
  Expenses:Taxes:Y2012:US:Federal                                        1,062.92 USD
  Expenses:Taxes:Y2012:US:State                   365.08 USD
  Expenses:Taxes:Y2012:US:CityNYC                 174.92 USD
  Expenses:Taxes:Y2012:US:SDI                       1.12 USD
  Expenses:Taxes:Y2012:US:SocSec                  281.54 USD
  Assets:US:Hoogle:Vacation                         4.62 VACHR
  Income:US:Hoogle:Vacation                        -4.62 VACHR

2012-11-08 * "Hoogle" | "Payroll"
  Assets:US:BofA:Checking                                               2,550.60 USD
  Income:US:Hoogle:Salary                                            -4,615.38 USD
  Income:US:Hoogle:GroupTermLife                  -24.32 USD
  Expenses:Health:Life:GroupTermLife               24.32 USD
  Expenses:Health:Dental:Insurance                  2.90 USD
  Expenses:Health:Medical:Insurance                27.38 USD
  Expenses:Health:Vision:Insurance                 42.30 USD
  Expenses:Taxes:Y2012:US:Medicare                106.62 USD
  Expenses:Taxes:Y2012:US:Federal                                        1,062.92 USD
  Expenses:Taxes:Y2012:US:State                   365.08 USD
  Expenses:Taxes:Y2012:US:CityNYC                 174.92 USD
  Expenses:Taxes:Y2012:US:SDI                       1.12 USD
  Expenses:Taxes:Y2012:US:SocSec                  281.54 USD
  Assets:US:Hoogle:Vacation                         4.62 VACHR
  Income:US:Hoogle:Vacation                        -4.62 VACHR

2012-11-22 * "Hoogle" | "Payroll"
  Assets:US:BofA:Checking                                               2,550.60 USD
  Income:US:Hoogle:Salary                                            -4,615.38 USD
  Income:US:Hoogle:GroupTermLife                  -24.32 USD
  Expenses:Health:Life:GroupTermLife               24.32 USD
  Expenses:Health:Dental:Insurance                  2.90 USD
  Expenses:Health:Medical:Insurance                27.38 USD
  Expenses:Health:Vision:Insurance                 42.30 USD
  Expenses:Taxes:Y2012:US:Medicare                106.62 USD
  Expenses:Taxes:Y2012:US:Federal                                        1,062.92 USD
  Expenses:Taxes:Y2012:US:State                   365.08 USD
  Expenses:Taxes:Y2012:US:CityNYC                 174.92 USD
  Expenses:Taxes:Y2012:US:SDI                       1.12 USD
  Expenses:Taxes:Y2012:US:SocSec                  281.54 USD
  Assets:US:Hoogle:Vacation                         4.62 VACHR
  Income:US:Hoogle:Vacation                        -4.62 VACHR

2012-12-06 * "Hoogle" | "Payroll"
  Assets:US:BofA:Checking                                               2,589.06 USD
  Income:US:Hoogle:Salary                                            -4,615.38 USD
  Income:US:Hoogle:GroupTermLife                  -24.32 USD
  Expenses:Health:Life:GroupTermLife               24.32 USD
  Expenses:Health:Dental:Insurance                  2.90 USD
  Expenses:Health:Medical:Insurance                27.38 USD
  Expenses:Health:Vision:Insurance                 42.30 USD
  Expenses:Taxes:Y2012:US:Medicare                106.62 USD
  Expenses:Taxes:Y2012:US:Federal                                        1,062.92 USD
  Expenses:Taxes:Y2012:US:State                   365.08 USD
  Expenses:Taxes:Y2012:US:CityNYC                 174.92 USD
  Expenses:Taxes:Y2012:US:SDI                       1.12 USD
  Expenses:Taxes:Y2012:US:SocSec                  243.08 USD
  Assets:US:Hoogle:Vacation                         4.62 VACHR
  Income:US:Hoogle:Vacation                        -4.62 VACHR

2012-12-20 * "Hoogle" | "Payroll"
  Assets:US:BofA:Checking                                               2,832.14 USD
  Income:US:Hoogle:Salary                                            -4,615.38 USD
  Income:US:Hoogle:GroupTermLife                  -24.32 USD
  Expenses:Health:Life:GroupTermLife               24.32 USD
  Expenses:Health:Dental:Insurance                  2.90 USD
  Expenses:Health:Medical:Insurance                27.38 USD
  Expenses:Health:Vision:Insurance                 42.30 USD
  Expenses:Taxes:Y2012:US:Medicare                106.62 USD
  Expenses:Taxes:Y2012:US:Federal                                        1,062.92 USD
  Expenses:Taxes:Y2012:US:State                   365.08 USD
  Expenses:Taxes:Y2012:US:CityNYC                 174.92 USD
  Expenses:Taxes:Y2012:US:SDI                       1.12 USD
  Expenses:Taxes:Y2012:US:SocSec                    0.00 USD
  Assets:US:Hoogle:Vacation                         4.62 VACHR
  Income:US:Hoogle:Vacation                        -4.62 VACHR

2013-01-03 * "Hoogle" | "Payroll"
  Assets:US:BofA:Checking                                               1,350.60 USD
  Assets:US:Vanguard:Cash                                              1,200.00 USD
  Assets:US:Federal:PreTax401k                                       -1,200.00 IRAUSD
  Expenses:Taxes:Y2013:US:Federal:PreTax401k                          1,200.00 IRAUSD
  Income:US:Hoogle:Salary                                            -4,615.38 USD
  Income:US:Hoogle:GroupTermLife                  -24.32 USD
  Expenses:Health:Life:GroupTermLife               24.32 USD
  Expenses:Health:Dental:Insurance                  2.90 USD
  Expenses:Health:Medical:Insurance                27.38 USD
  Expenses:Health:Vision:Insurance                 42.30 USD
  Expenses:Taxes:Y2013:US:Medicare                106.62 USD
  Expenses:Taxes:Y2013:US:Federal                                        1,062.92 USD
  Expenses:Taxes:Y2013:US:State                   365.08 USD
  Expenses:Taxes:Y2013:US:CityNYC                 174.92 USD
  Expenses:Taxes:Y2013:US:SDI                       1.12 USD
  Expenses:Taxes:Y2013:US:SocSec                  281.54 USD
  Assets:US:Hoogle:Vacation                         4.62 VACHR
  Income:US:Hoogle:Vacation                        -4.62 VACHR

2013-01-17 * "Hoogle" | "Payroll"
  Assets:US:BofA:Checking                                               1,350.60 USD
  Assets:US:Vanguard:Cash                                              1,200.00 USD
  Assets:US:Federal:PreTax401k                                       -1,200.00 IRAUSD
  Expenses:Taxes:Y2013:US:Federal:PreTax401k                          1,200.00 IRAUSD
  Income:US:Hoogle:Salary                                            -4,615.38 USD
  Income:US:Hoogle:GroupTermLife                  -24.32 USD
  Expenses:Health:Life:GroupTermLife               24.32 USD
  Expenses:Health:Dental:Insurance                  2.90 USD
  Expenses:Health:Medical:Insurance                27.38 USD
  Expenses:Health:Vision:Insurance                 42.30 USD
  Expenses:Taxes:Y2013:US:Medicare                106.62 USD
  Expenses:Taxes:Y2013:US:Federal                                        1,062.92 USD
  Expenses:Taxes:Y2013:US:State                   365.08 USD
  Expenses:Taxes:Y2013:US:CityNYC                 174.92 USD
  Expenses:Taxes:Y2013:US:SDI                       1.12 USD
  Expenses:Taxes:Y2013:US:SocSec                  281.54 USD
  Assets:US:Hoogle:Vacation                         4.62 VACHR
  Income:US:Hoogle:Vacation                        -4.62 VACHR

2013-01-31 * "Hoogle" | "Payroll"
  Assets:US:BofA:Checking                                               1,350.60 USD
  Assets:US:Vanguard:Cash                                              1,200.00 USD
  Assets:US:Federal:PreTax401k                                       -1,200.00 IRAUSD
  Expenses:Taxes:Y2013:US:Federal:PreTax401k                          1,200.00 IRAUSD
  Income:US:Hoogle:Salary                                            -4,615.38 USD
  Income:US:Hoogle:GroupTermLife                  -24.32 USD
  Expenses:Health:Life:GroupTermLife               24.32 USD
  Expenses:Health:Dental:Insurance                  2.90 USD
  Expenses:Health:Medical:Insurance                27.38 USD
  Expenses:Health:Vision:Insurance                 42.30 USD
  Expenses:Taxes:Y2013:US:Medicare                106.62 USD
  Expenses:Taxes:Y2013:US:Federal                                        1,062.92 USD
  Expenses:Taxes:Y2013:US:State                   365.08 USD
  Expenses:Taxes:Y2013:US:CityNYC                 174.92 USD
  Expenses:Taxes:Y2013:US:SDI                       1.12 USD
  Expenses:Taxes:Y2013:US:SocSec                  281.54 USD
  Assets:US:Hoogle:Vacation                         4.62 VACHR
  Income:US:Hoogle:Vacation                        -4.62 VACHR

2013-02-14 * "Hoogle" | "Payroll"
  Assets:US:BofA:Checking                                               1,350.60 USD
  Assets:US:Vanguard:Cash                                              1,200.00 USD
  Assets:US:Federal:PreTax401k                                       -1,200.00 IRAUSD
  Expenses:Taxes:Y2013:US:Federal:PreTax401k                          1,200.00 IRAUSD
  Income:US:Hoogle:Salary                                            -4,615.38 USD
  Income:US:Hoogle:GroupTermLife                  -24.32 USD
  Expenses:Health:Life:GroupTermLife               24.32 USD
  Expenses:Health:Dental:Insurance                  2.90 USD
  Expenses:Health:Medical:Insurance                27.38 USD
  Expenses:Health:Vision:Insurance                 42.30 USD
  Expenses:Taxes:Y2013:US:Medicare                106.62 USD
  Expenses:Taxes:Y2013:US:Federal                                        1,062.92 USD
  Expenses:Taxes:Y2013:US:State                   365.08 USD
  Expenses:Taxes:Y2013:US:CityNYC                 174.92 USD
  Expenses:Taxes:Y2013:US:SDI                       1.12 USD
  Expenses:Taxes:Y2013:US:SocSec                  281.54 USD
  Assets:US:Hoogle:Vacation                         4.62 VACHR
  Income:US:Hoogle:Vacation                        -4.62 VACHR

2013-02-28 * "Hoogle" | "Payroll"
  Assets:US:BofA:Checking                                               1,350.60 USD
  Assets:US:Vanguard:Cash                                              1,200.00 USD
  Assets:US:Federal:PreTax401k                                       -1,200.00 IRAUSD
  Expenses:Taxes:Y2013:US:Federal:PreTax401k                          1,200.00 IRAUSD
  Income:US:Hoogle:Salary                                            -4,615.38 USD
  Income:US:Hoogle:GroupTermLife                  -24.32 USD
  Expenses:Health:Life:GroupTermLife               24.32 USD
  Expenses:Health:Dental:Insurance                  2.90 USD
  Expenses:Health:Medical:Insurance                27.38 USD
  Expenses:Health:Vision:Insurance                 42.30 USD
  Expenses:Taxes:Y2013:US:Medicare                106.62 USD
  Expenses:Taxes:Y2013:US:Federal                                        1,062.92 USD
  Expenses:Taxes:Y2013:US:State                   365.08 USD
  Expenses:Taxes:Y2013:US:CityNYC                 174.92 USD
  Expenses:Taxes:Y2013:US:SDI                       1.12 USD
  Expenses:Taxes:Y2013:US:SocSec                  281.54 USD
  Assets:US:Hoogle:Vacation                         4.62 VACHR
  Income:US:Hoogle:Vacation                        -4.62 VACHR

2013-03-14 * "Hoogle" | "Payroll"
  Assets:US:BofA:Checking                                               1,350.60 USD
  Assets:US:Vanguard:Cash                                              1,200.00 USD
  Assets:US:Federal:PreTax401k                                       -1,200.00 IRAUSD
  Expenses:Taxes:Y2013:US:Federal:PreTax401k                          1,200.00 IRAUSD
  Income:US:Hoogle:Salary                                            -4,615.38 USD
  Income:US:Hoogle:GroupTermLife                  -24.32 USD
  Expenses:Health:Life:GroupTermLife               24.32 USD
  Expenses:Health:Dental:Insurance                  2.90 USD
  Expenses:Health:Medical:Insurance                27.38 USD
  Expenses:Health:Vision:Insurance                 42.30 USD
  Expenses:Taxes:Y2013:US:Medicare                106.62 USD
  Expenses:Taxes:Y2013:US:Federal                                        1,062.92 USD
  Expenses:Taxes:Y2013:US:State                   365.08 USD
  Expenses:Taxes:Y2013:US:CityNYC                 174.92 USD
  Expenses:Taxes:Y2013:US:SDI                       1.12 USD
  Expenses:Taxes:Y2013:US:SocSec                  281.54 USD
  Assets:US:Hoogle:Vacation                         4.62 VACHR
  Income:US:Hoogle:Vacation                        -4.62 VACHR

2013-03-28 * "Hoogle" | "Payroll"
  Assets:US:BofA:Checking                                               1,350.60 USD
  Assets:US:Vanguard:Cash                                              1,200.00 USD
  Assets:US:Federal:PreTax401k                                       -1,200.00 IRAUSD
  Expenses:Taxes:Y2013:US:Federal:PreTax401k                          1,200.00 IRAUSD
  Income:US:Hoogle:Salary                                            -4,615.38 USD
  Income:US:Hoogle:GroupTermLife                  -24.32 USD
  Expenses:Health:Life:GroupTermLife               24.32 USD
  Expenses:Health:Dental:Insurance                  2.90 USD
  Expenses:Health:Medical:Insurance                27.38 USD
  Expenses:Health:Vision:Insurance                 42.30 USD
  Expenses:Taxes:Y2013:US:Medicare                106.62 USD
  Expenses:Taxes:Y2013:US:Federal                                        1,062.92 USD
  Expenses:Taxes:Y2013:US:State                   365.08 USD
  Expenses:Taxes:Y2013:US:CityNYC                 174.92 USD
  Expenses:Taxes:Y2013:US:SDI                       1.12 USD
  Expenses:Taxes:Y2013:US:SocSec                  281.54 USD
  Assets:US:Hoogle:Vacation                         4.62 VACHR
  Income:US:Hoogle:Vacation                        -4.62 VACHR

2013-04-11 * "Hoogle" | "Payroll"
  Assets:US:BofA:Checking                                               1,350.60 USD
  Assets:US:Vanguard:Cash                                              1,200.00 USD
  Assets:US:Federal:PreTax401k                                       -1,200.00 IRAUSD
  Expenses:Taxes:Y2013:US:Federal:PreTax401k                          1,200.00 IRAUSD
  Income:US:Hoogle:Salary                                            -4,615.38 USD
  Income:US:Hoogle:GroupTermLife                  -24.32 USD
  Expenses:Health:Life:GroupTermLife               24.32 USD
  Expenses:Health:Dental:Insurance                  2.90 USD
  Expenses:Health:Medical:Insurance                27.38 USD
  Expenses:Health:Vision:Insurance                 42.30 USD
  Expenses:Taxes:Y2013:US:Medicare                106.62 USD
  Expenses:Taxes:Y2013:US:Federal                                        1,062.92 USD
  Expenses:Taxes:Y2013:US:State                   365.08 USD
  Expenses:Taxes:Y2013:US:CityNYC                 174.92 USD
  Expenses:Taxes:Y2013:US:SDI                       1.12 USD
  Expenses:Taxes:Y2013:US:SocSec                  281.54 USD
  Assets:US:Hoogle:Vacation                         4.62 VACHR
  Income:US:Hoogle:Vacation                        -4.62 VACHR

2013-04-25 * "Hoogle" | "Payroll"
  Assets:US:BofA:Checking                                               1,350.60 USD
  Assets:US:Vanguard:Cash                                              1,200.00 USD
  Assets:US:Federal:PreTax401k                                       -1,200.00 IRAUSD
  Expenses:Taxes:Y2013:US:Federal:PreTax401k                          1,200.00 IRAUSD
  Income:US:Hoogle:Salary                                            -4,615.38 USD
  Income:US:Hoogle:GroupTermLife                  -24.32 USD
  Expenses:Health:Life:GroupTermLife               24.32 USD
  Expenses:Health:Dental:Insurance                  2.90 USD
  Expenses:Health:Medical:Insurance                27.38 USD
  Expenses:Health:Vision:Insurance                 42.30 USD
  Expenses:Taxes:Y2013:US:Medicare                106.62 USD
  Expenses:Taxes:Y2013:US:Federal                                        1,062.92 USD
  Expenses:Taxes:Y2013:US:State                   365.08 USD
  Expenses:Taxes:Y2013:US:CityNYC                 174.92 USD
  Expenses:Taxes:Y2013:US:SDI                       1.12 USD
  Expenses:Taxes:Y2013:US:SocSec                  281.54 USD
  Assets:US:Hoogle:Vacation                         4.62 VACHR
  Income:US:Hoogle:Vacation                        -4.62 VACHR

2013-05-09 * "Hoogle" | "Payroll"
  Assets:US:BofA:Checking                                               1,350.60 USD
  Assets:US:Vanguard:Cash                                              1,200.00 USD
  Assets:US:Federal:PreTax401k                                       -1,200.00 IRAUSD
  Expenses:Taxes:Y2013:US:Federal:PreTax401k                          1,200.00 IRAUSD
  Income:US:Hoogle:Salary                                            -4,615.38 USD
  Income:US:Hoogle:GroupTermLife                  -24.32 USD
  Expenses:Health:Life:GroupTermLife               24.32 USD
  Expenses:Health:Dental:Insurance                  2.90 USD
  Expenses:Health:Medical:Insurance                27.38 USD
  Expenses:Health:Vision:Insurance                 42.30 USD
  Expenses:Taxes:Y2013:US:Medicare                106.62 USD
  Expenses:Taxes:Y2013:US:Federal                                        1,062.92 USD
  Expenses:Taxes:Y2013:US:State                   365.08 USD
  Expenses:Taxes:Y2013:US:CityNYC                 174.92 USD
  Expenses:Taxes:Y2013:US:SDI                       1.12 USD
  Expenses:Taxes:Y2013:US:SocSec                  281.54 USD
  Assets:US:Hoogle:Vacation                         4.62 VACHR
  Income:US:Hoogle:Vacation                        -4.62 VACHR

2013-05-23 * "Hoogle" | "Payroll"
  Assets:US:BofA:Checking                                               1,350.60 USD
  Assets:US:Vanguard:Cash                                              1,200.00 USD
  Assets:US:Federal:PreTax401k                                       -1,200.00 IRAUSD
  Expenses:Taxes:Y2013:US:Federal:PreTax401k                          1,200.00 IRAUSD
  Income:US:Hoogle:Salary                                            -4,615.38 USD
  Income:US:Hoogle:GroupTermLife                  -24.32 USD
  Expenses:Health:Life:GroupTermLife               24.32 USD
  Expenses:Health:Dental:Insurance                  2.90 USD
  Expenses:Health:Medical:Insurance                27.38 USD
  Expenses:Health:Vision:Insurance                 42.30 USD
  Expenses:Taxes:Y2013:US:Medicare                106.62 USD
  Expenses:Taxes:Y2013:US:Federal                                        1,062.92 USD
  Expenses:Taxes:Y2013:US:State                   365.08 USD
  Expenses:Taxes:Y2013:US:CityNYC                 174.92 USD
  Expenses:Taxes:Y2013:US:SDI                       1.12 USD
  Expenses:Taxes:Y2013:US:SocSec                  281.54 USD
  Assets:US:Hoogle:Vacation                         4.62 VACHR
  Income:US:Hoogle:Vacation                        -4.62 VACHR

2013-06-06 * "Hoogle" | "Payroll"
  Assets:US:BofA:Checking                                               1,350.60 USD
  Assets:US:Vanguard:Cash                                              1,200.00 USD
  Assets:US:Federal:PreTax401k                                       -1,200.00 IRAUSD
  Expenses:Taxes:Y2013:US:Federal:PreTax401k                          1,200.00 IRAUSD
  Income:US:Hoogle:Salary                                            -4,615.38 USD
  Income:US:Hoogle:GroupTermLife                  -24.32 USD
  Expenses:Health:Life:GroupTermLife               24.32 USD
  Expenses:Health:Dental:Insurance                  2.90 USD
  Expenses:Health:Medical:Insurance                27.38 USD
  Expenses:Health:Vision:Insurance                 42.30 USD
  Expenses:Taxes:Y2013:US:Medicare                106.62 USD
  Expenses:Taxes:Y2013:US:Federal                                        1,062.92 USD
  Expenses:Taxes:Y2013:US:State                   365.08 USD
  Expenses:Taxes:Y2013:US:CityNYC                 174.92 USD
  Expenses:Taxes:Y2013:US:SDI                       1.12 USD
  Expenses:Taxes:Y2013:US:SocSec                  281.54 USD
  Assets:US:Hoogle:Vacation                         4.62 VACHR
  Income:US:Hoogle:Vacation                        -4.62 VACHR

2013-06-20 * "Hoogle" | "Payroll"
  Assets:US:BofA:Checking                                               1,350.60 USD
  Assets:US:Vanguard:Cash                                              1,200.00 USD
  Assets:US:Federal:PreTax401k                                       -1,200.00 IRAUSD
  Expenses:Taxes:Y2013:US:Federal:PreTax401k                          1,200.00 IRAUSD
  Income:US:Hoogle:Salary                                            -4,615.38 USD
  Income:US:Hoogle:GroupTermLife                  -24.32 USD
  Expenses:Health:Life:GroupTermLife               24.32 USD
  Expenses:Health:Dental:Insurance                  2.90 USD
  Expenses:Health:Medical:Insurance                27.38 USD
  Expenses:Health:Vision:Insurance                 42.30 USD
  Expenses:Taxes:Y2013:US:Medicare                106.62 USD
  Expenses:Taxes:Y2013:US:Federal                                        1,062.92 USD
  Expenses:Taxes:Y2013:US:State                   365.08 USD
  Expenses:Taxes:Y2013:US:CityNYC                 174.92 USD
  Expenses:Taxes:Y2013:US:SDI                       1.12 USD
  Expenses:Taxes:Y2013:US:SocSec                  281.54 USD
  Assets:US:Hoogle:Vacation                         4.62 VACHR
  Income:US:Hoogle:Vacation                        -4.62 VACHR

2013-07-04 * "Hoogle" | "Payroll"
  Assets:US:BofA:Checking                                               1,350.60 USD
  Assets:US:Vanguard:Cash                                              1,200.00 USD
  Assets:US:Federal:PreTax401k                                       -1,200.00 IRAUSD
  Expenses:Taxes:Y2013:US:Federal:PreTax401k                          1,200.00 IRAUSD
  Income:US:Hoogle:Salary                                            -4,615.38 USD
  Income:US:Hoogle:GroupTermLife                  -24.32 USD
  Expenses:Health:Life:GroupTermLife               24.32 USD
  Expenses:Health:Dental:Insurance                  2.90 USD
  Expenses:Health:Medical:Insurance                27.38 USD
  Expenses:Health:Vision:Insurance                 42.30 USD
  Expenses:Taxes:Y2013:US:Medicare                106.62 USD
  Expenses:Taxes:Y2013:US:Federal                                        1,062.92 USD
  Expenses:Taxes:Y2013:US:State                   365.08 USD
  Expenses:Taxes:Y2013:US:CityNYC                 174.92 USD
  Expenses:Taxes:Y2013:US:SDI                       1.12 USD
  Expenses:Taxes:Y2013:US:SocSec                  281.54 USD
  Assets:US:Hoogle:Vacation                         4.62 VACHR
  Income:US:Hoogle:Vacation                        -4.62 VACHR

2013-07-18 * "Hoogle" | "Payroll"
  Assets:US:BofA:Checking                                               1,850.60 USD
  Assets:US:Vanguard:Cash                         700.00 USD
  Assets:US:Federal:PreTax401k                   -700.00 IRAUSD
  Expenses:Taxes:Y2013:US:Federal:PreTax401k      700.00 IRAUSD
  Income:US:Hoogle:Salary                                            -4,615.38 USD
  Income:US:Hoogle:GroupTermLife                  -24.32 USD
  Expenses:Health:Life:GroupTermLife               24.32 USD
  Expenses:Health:Dental:Insurance                  2.90 USD
  Expenses:Health:Medical:Insurance                27.38 USD
  Expenses:Health:Vision:Insurance                 42.30 USD
  Expenses:Taxes:Y2013:US:Medicare                106.62 USD
  Expenses:Taxes:Y2013:US:Federal                                        1,062.92 USD
  Expenses:Taxes:Y2013:US:State                   365.08 USD
  Expenses:Taxes:Y2013:US:CityNYC                 174.92 USD
  Expenses:Taxes:Y2013:US:SDI                       1.12 USD
  Expenses:Taxes:Y2013:US:SocSec                  281.54 USD
  Assets:US:Hoogle:Vacation                         4.62 VACHR
  Income:US:Hoogle:Vacation                        -4.62 VACHR

2013-08-01 * "Hoogle" | "Payroll"
  Assets:US:BofA:Checking                                               2,550.60 USD
  Income:US:Hoogle:Salary                                            -4,615.38 USD
  Income:US:Hoogle:GroupTermLife                  -24.32 USD
  Expenses:Health:Life:GroupTermLife               24.32 USD
  Expenses:Health:Dental:Insurance                  2.90 USD
  Expenses:Health:Medical:Insurance                27.38 USD
  Expenses:Health:Vision:Insurance                 42.30 USD
  Expenses:Taxes:Y2013:US:Medicare                106.62 USD
  Expenses:Taxes:Y2013:US:Federal                                        1,062.92 USD
  Expenses:Taxes:Y2013:US:State                   365.08 USD
  Expenses:Taxes:Y2013:US:CityNYC                 174.92 USD
  Expenses:Taxes:Y2013:US:SDI                       1.12 USD
  Expenses:Taxes:Y2013:US:SocSec                  281.54 USD
  Assets:US:Hoogle:Vacation                         4.62 VACHR
  Income:US:Hoogle:Vacation                        -4.62 VACHR

2013-08-15 * "Hoogle" | "Payroll"
  Assets:US:BofA:Checking                                               2,550.60 USD
  Income:US:Hoogle:Salary                                            -4,615.38 USD
  Income:US:Hoogle:GroupTermLife                  -24.32 USD
  Expenses:Health:Life:GroupTermLife               24.32 USD
  Expenses:Health:Dental:Insurance                  2.90 USD
  Expenses:Health:Medical:Insurance                27.38 USD
  Expenses:Health:Vision:Insurance                 42.30 USD
  Expenses:Taxes:Y2013:US:Medicare                106.62 USD
  Expenses:Taxes:Y2013:US:Federal                                        1,062.92 USD
  Expenses:Taxes:Y2013:US:State                   365.08 USD
  Expenses:Taxes:Y2013:US:CityNYC                 174.92 USD
  Expenses:Taxes:Y2013:US:SDI                       1.12 USD
  Expenses:Taxes:Y2013:US:SocSec                  281.54 USD
  Assets:US:Hoogle:Vacation                         4.62 VACHR
  Income:US:Hoogle:Vacation                        -4.62 VACHR

2013-08-29 * "Hoogle" | "Payroll"
  Assets:US:BofA:Checking                                               2,550.60 USD
  Income:US:Hoogle:Salary                                            -4,615.38 USD
  Income:US:Hoogle:GroupTermLife                  -24.32 USD
  Expenses:Health:Life:GroupTermLife               24.32 USD
  Expenses:Health:Dental:Insurance                  2.90 USD
  Expenses:Health:Medical:Insurance                27.38 USD
  Expenses:Health:Vision:Insurance                 42.30 USD
  Expenses:Taxes:Y2013:US:Medicare                106.62 USD
  Expenses:Taxes:Y2013:US:Federal                                        1,062.92 USD
  Expenses:Taxes:Y2013:US:State                   365.08 USD
  Expenses:Taxes:Y2013:US:CityNYC                 174.92 USD
  Expenses:Taxes:Y2013:US:SDI                       1.12 USD
  Expenses:Taxes:Y2013:US:SocSec                  281.54 USD
  Assets:US:Hoogle:Vacation                         4.62 VACHR
  Income:US:Hoogle:Vacation                        -4.62 VACHR

2013-09-12 * "Hoogle" | "Payroll"
  Assets:US:BofA:Checking                                               2,550.60 USD
  Income:US:Hoogle:Salary                                            -4,615.38 USD
  Income:US:Hoogle:GroupTermLife                  -24.32 USD
  Expenses:Health:Life:GroupTermLife               24.32 USD
  Expenses:Health:Dental:Insurance                  2.90 USD
  Expenses:Health:Medical:Insurance                27.38 USD
  Expenses:Health:Vision:Insurance                 42.30 USD
  Expenses:Taxes:Y2013:US:Medicare                106.62 USD
  Expenses:Taxes:Y2013:US:Federal                                        1,062.92 USD
  Expenses:Taxes:Y2013:US:State                   365.08 USD
  Expenses:Taxes:Y2013:US:CityNYC                 174.92 USD
  Expenses:Taxes:Y2013:US:SDI                       1.12 USD
  Expenses:Taxes:Y2013:US:SocSec                  281.54 USD
  Assets:US:Hoogle:Vacation                         4.62 VACHR
  Income:US:Hoogle:Vacation                        -4.62 VACHR

2013-09-26 * "Hoogle" | "Payroll"
  Assets:US:BofA:Checking                                               2,550.60 USD
  Income:US:Hoogle:Salary                                            -4,615.38 USD
  Income:US:Hoogle:GroupTermLife                  -24.32 USD
  Expenses:Health:Life:GroupTermLife               24.32 USD
  Expenses:Health:Dental:Insurance                  2.90 USD
  Expenses:Health:Medical:Insurance                27.38 USD
  Expenses:Health:Vision:Insurance                 42.30 USD
  Expenses:Taxes:Y2013:US:Medicare                106.62 USD
  Expenses:Taxes:Y2013:US:Federal                                        1,062.92 USD
  Expenses:Taxes:Y2013:US:State                   365.08 USD
  Expenses:Taxes:Y2013:US:CityNYC                 174.92 USD
  Expenses:Taxes:Y2013:US:SDI                       1.12 USD
  Expenses:Taxes:Y2013:US:SocSec                  281.54 USD
  Assets:US:Hoogle:Vacation                         4.62 VACHR
  Income:US:Hoogle:Vacation                        -4.62 VACHR

2013-10-10 * "Hoogle" | "Payroll"
  Assets:US:BofA:Checking                                               2,550.60 USD
  Income:US:Hoogle:Salary                                            -4,615.38 USD
  Income:US:Hoogle:GroupTermLife                  -24.32 USD
  Expenses:Health:Life:GroupTermLife               24.32 USD
  Expenses:Health:Dental:Insurance                  2.90 USD
  Expenses:Health:Medical:Insurance                27.38 USD
  Expenses:Health:Vision:Insurance                 42.30 USD
  Expenses:Taxes:Y2013:US:Medicare                106.62 USD
  Expenses:Taxes:Y2013:US:Federal                                        1,062.92 USD
  Expenses:Taxes:Y2013:US:State                   365.08 USD
  Expenses:Taxes:Y2013:US:CityNYC                 174.92 USD
  Expenses:Taxes:Y2013:US:SDI                       1.12 USD
  Expenses:Taxes:Y2013:US:SocSec                  281.54 USD
  Assets:US:Hoogle:Vacation                         4.62 VACHR
  Income:US:Hoogle:Vacation                        -4.62 VACHR

2013-10-24 * "Hoogle" | "Payroll"
  Assets:US:BofA:Checking                                               2,550.60 USD
  Income:US:Hoogle:Salary                                            -4,615.38 USD
  Income:US:Hoogle:GroupTermLife                  -24.32 USD
  Expenses:Health:Life:GroupTermLife               24.32 USD
  Expenses:Health:Dental:Insurance                  2.90 USD
  Expenses:Health:Medical:Insurance                27.38 USD
  Expenses:Health:Vision:Insurance                 42.30 USD
  Expenses:Taxes:Y2013:US:Medicare                106.62 USD
  Expenses:Taxes:Y2013:US:Federal                                        1,062.92 USD
  Expenses:Taxes:Y2013:US:State                   365.08 USD
  Expenses:Taxes:Y2013:US:CityNYC                 174.92 USD
  Expenses:Taxes:Y2013:US:SDI                       1.12 USD
  Expenses:Taxes:Y2013:US:SocSec                  281.54 USD
  Assets:US:Hoogle:Vacation                         4.62 VACHR
  Income:US:Hoogle:Vacation                        -4.62 VACHR

2013-11-07 * "Hoogle" | "Payroll"
  Assets:US:BofA:Checking                                               2,550.60 USD
  Income:US:Hoogle:Salary                                            -4,615.38 USD
  Income:US:Hoogle:GroupTermLife                  -24.32 USD
  Expenses:Health:Life:GroupTermLife               24.32 USD
  Expenses:Health:Dental:Insurance                  2.90 USD
  Expenses:Health:Medical:Insurance                27.38 USD
  Expenses:Health:Vision:Insurance                 42.30 USD
  Expenses:Taxes:Y2013:US:Medicare                106.62 USD
  Expenses:Taxes:Y2013:US:Federal                                        1,062.92 USD
  Expenses:Taxes:Y2013:US:State                   365.08 USD
  Expenses:Taxes:Y2013:US:CityNYC                 174.92 USD
  Expenses:Taxes:Y2013:US:SDI                       1.12 USD
  Expenses:Taxes:Y2013:US:SocSec                  281.54 USD
  Assets:US:Hoogle:Vacation                         4.62 VACHR
  Income:US:Hoogle:Vacation                        -4.62 VACHR

2013-11-21 * "Hoogle" | "Payroll"
  Assets:US:BofA:Checking                                               2,550.60 USD
  Income:US:Hoogle:Salary                                            -4,615.38 USD
  Income:US:Hoogle:GroupTermLife                  -24.32 USD
  Expenses:Health:Life:GroupTermLife               24.32 USD
  Expenses:Health:Dental:Insurance                  2.90 USD
  Expenses:Health:Medical:Insurance                27.38 USD
  Expenses:Health:Vision:Insurance                 42.30 USD
  Expenses:Taxes:Y2013:US:Medicare                106.62 USD
  Expenses:Taxes:Y2013:US:Federal                                        1,062.92 USD
  Expenses:Taxes:Y2013:US:State                   365.08 USD
  Expenses:Taxes:Y2013:US:CityNYC                 174.92 USD
  Expenses:Taxes:Y2013:US:SDI                       1.12 USD
  Expenses:Taxes:Y2013:US:SocSec                  281.54 USD
  Assets:US:Hoogle:Vacation                         4.62 VACHR
  Income:US:Hoogle:Vacation                        -4.62 VACHR

2013-12-05 * "Hoogle" | "Payroll"
  Assets:US:BofA:Checking                                               2,589.06 USD
  Income:US:Hoogle:Salary                                            -4,615.38 USD
  Income:US:Hoogle:GroupTermLife                  -24.32 USD
  Expenses:Health:Life:GroupTermLife               24.32 USD
  Expenses:Health:Dental:Insurance                  2.90 USD
  Expenses:Health:Medical:Insurance                27.38 USD
  Expenses:Health:Vision:Insurance                 42.30 USD
  Expenses:Taxes:Y2013:US:Medicare                106.62 USD
  Expenses:Taxes:Y2013:US:Federal                                        1,062.92 USD
  Expenses:Taxes:Y2013:US:State                   365.08 USD
  Expenses:Taxes:Y2013:US:CityNYC                 174.92 USD
  Expenses:Taxes:Y2013:US:SDI                       1.12 USD
  Expenses:Taxes:Y2013:US:SocSec                  243.08 USD
  Assets:US:Hoogle:Vacation                         4.62 VACHR
  Income:US:Hoogle:Vacation                        -4.62 VACHR

2013-12-19 * "Hoogle" | "Payroll"
  Assets:US:BofA:Checking                                               2,832.14 USD
  Income:US:Hoogle:Salary                                            -4,615.38 USD
  Income:US:Hoogle:GroupTermLife                  -24.32 USD
  Expenses:Health:Life:GroupTermLife               24.32 USD
  Expenses:Health:Dental:Insurance                  2.90 USD
  Expenses:Health:Medical:Insurance                27.38 USD
  Expenses:Health:Vision:Insurance                 42.30 USD
  Expenses:Taxes:Y2013:US:Medicare                106.62 USD
  Expenses:Taxes:Y2013:US:Federal                                        1,062.92 USD
  Expenses:Taxes:Y2013:US:State                   365.08 USD
  Expenses:Taxes:Y2013:US:CityNYC                 174.92 USD
  Expenses:Taxes:Y2013:US:SDI                       1.12 USD
  Expenses:Taxes:Y2013:US:SocSec                    0.00 USD
  Assets:US:Hoogle:Vacation                         4.62 VACHR
  Income:US:Hoogle:Vacation                        -4.62 VACHR

2014-01-02 * "Hoogle" | "Payroll"
  Assets:US:BofA:Checking                                               1,350.60 USD
  Assets:US:Vanguard:Cash                                              1,200.00 USD
  Assets:US:Federal:PreTax401k                                       -1,200.00 IRAUSD
  Expenses:Taxes:Y2014:US:Federal:PreTax401k                          1,200.00 IRAUSD
  Income:US:Hoogle:Salary                                            -4,615.38 USD
  Income:US:Hoogle:GroupTermLife                  -24.32 USD
  Expenses:Health:Life:GroupTermLife               24.32 USD
  Expenses:Health:Dental:Insurance                  2.90 USD
  Expenses:Health:Medical:Insurance                27.38 USD
  Expenses:Health:Vision:Insurance                 42.30 USD
  Expenses:Taxes:Y2014:US:Medicare                106.62 USD
  Expenses:Taxes:Y2014:US:Federal                                        1,062.92 USD
  Expenses:Taxes:Y2014:US:State                   365.08 USD
  Expenses:Taxes:Y2014:US:CityNYC                 174.92 USD
  Expenses:Taxes:Y2014:US:SDI                       1.12 USD
  Expenses:Taxes:Y2014:US:SocSec                  281.54 USD
  Assets:US:Hoogle:Vacation                         4.62 VACHR
  Income:US:Hoogle:Vacation                        -4.62 VACHR

2014-01-16 * "Hoogle" | "Payroll"
  Assets:US:BofA:Checking                                               1,350.60 USD
  Assets:US:Vanguard:Cash                                              1,200.00 USD
  Assets:US:Federal:PreTax401k                                       -1,200.00 IRAUSD
  Expenses:Taxes:Y2014:US:Federal:PreTax401k                          1,200.00 IRAUSD
  Income:US:Hoogle:Salary                                            -4,615.38 USD
  Income:US:Hoogle:GroupTermLife                  -24.32 USD
  Expenses:Health:Life:GroupTermLife               24.32 USD
  Expenses:Health:Dental:Insurance                  2.90 USD
  Expenses:Health:Medical:Insurance                27.38 USD
  Expenses:Health:Vision:Insurance                 42.30 USD
  Expenses:Taxes:Y2014:US:Medicare                106.62 USD
  Expenses:Taxes:Y2014:US:Federal                                        1,062.92 USD
  Expenses:Taxes:Y2014:US:State                   365.08 USD
  Expenses:Taxes:Y2014:US:CityNYC                 174.92 USD
  Expenses:Taxes:Y2014:US:SDI                       1.12 USD
  Expenses:Taxes:Y2014:US:SocSec                  281.54 USD
  Assets:US:Hoogle:Vacation                         4.62 VACHR
  Income:US:Hoogle:Vacation                        -4.62 VACHR

2014-01-30 * "Hoogle" | "Payroll"
  Assets:US:BofA:Checking                                               1,350.60 USD
  Assets:US:Vanguard:Cash                                              1,200.00 USD
  Assets:US:Federal:PreTax401k                                       -1,200.00 IRAUSD
  Expenses:Taxes:Y2014:US:Federal:PreTax401k                          1,200.00 IRAUSD
  Income:US:Hoogle:Salary                                            -4,615.38 USD
  Income:US:Hoogle:GroupTermLife                  -24.32 USD
  Expenses:Health:Life:GroupTermLife               24.32 USD
  Expenses:Health:Dental:Insurance                  2.90 USD
  Expenses:Health:Medical:Insurance                27.38 USD
  Expenses:Health:Vision:Insurance                 42.30 USD
  Expenses:Taxes:Y2014:US:Medicare                106.62 USD
  Expenses:Taxes:Y2014:US:Federal                                        1,062.92 USD
  Expenses:Taxes:Y2014:US:State                   365.08 USD
  Expenses:Taxes:Y2014:US:CityNYC                 174.92 USD
  Expenses:Taxes:Y2014:US:SDI                       1.12 USD
  Expenses:Taxes:Y2014:US:SocSec                  281.54 USD
  Assets:US:Hoogle:Vacation                         4.62 VACHR
  Income:US:Hoogle:Vacation                        -4.62 VACHR

2014-02-13 * "Hoogle" | "Payroll"
  Assets:US:BofA:Checking                                               1,350.60 USD
  Assets:US:Vanguard:Cash                                              1,200.00 USD
  Assets:US:Federal:PreTax401k                                       -1,200.00 IRAUSD
  Expenses:Taxes:Y2014:US:Federal:PreTax401k                          1,200.00 IRAUSD
  Income:US:Hoogle:Salary                                            -4,615.38 USD
  Income:US:Hoogle:GroupTermLife                  -24.32 USD
  Expenses:Health:Life:GroupTermLife               24.32 USD
  Expenses:Health:Dental:Insurance                  2.90 USD
  Expenses:Health:Medical:Insurance                27.38 USD
  Expenses:Health:Vision:Insurance                 42.30 USD
  Expenses:Taxes:Y2014:US:Medicare                106.62 USD
  Expenses:Taxes:Y2014:US:Federal                                        1,062.92 USD
  Expenses:Taxes:Y2014:US:State                   365.08 USD
  Expenses:Taxes:Y2014:US:CityNYC                 174.92 USD
  Expenses:Taxes:Y2014:US:SDI                       1.12 USD
  Expenses:Taxes:Y2014:US:SocSec                  281.54 USD
  Assets:US:Hoogle:Vacation                         4.62 VACHR
  Income:US:Hoogle:Vacation                        -4.62 VACHR

2014-02-27 * "Hoogle" | "Payroll"
  Assets:US:BofA:Checking                                               1,350.60 USD
  Assets:US:Vanguard:Cash                                              1,200.00 USD
  Assets:US:Federal:PreTax401k                                       -1,200.00 IRAUSD
  Expenses:Taxes:Y2014:US:Federal:PreTax401k                          1,200.00 IRAUSD
  Income:US:Hoogle:Salary                                            -4,615.38 USD
  Income:US:Hoogle:GroupTermLife                  -24.32 USD
  Expenses:Health:Life:GroupTermLife               24.32 USD
  Expenses:Health:Dental:Insurance                  2.90 USD
  Expenses:Health:Medical:Insurance                27.38 USD
  Expenses:Health:Vision:Insurance                 42.30 USD
  Expenses:Taxes:Y2014:US:Medicare                106.62 USD
  Expenses:Taxes:Y2014:US:Federal                                        1,062.92 USD
  Expenses:Taxes:Y2014:US:State                   365.08 USD
  Expenses:Taxes:Y2014:US:CityNYC                 174.92 USD
  Expenses:Taxes:Y2014:US:SDI                       1.12 USD
  Expenses:Taxes:Y2014:US:SocSec                  281.54 USD
  Assets:US:Hoogle:Vacation                         4.62 VACHR
  Income:US:Hoogle:Vacation                        -4.62 VACHR

2014-03-13 * "Hoogle" | "Payroll"
  Assets:US:BofA:Checking                                               1,350.60 USD
  Assets:US:Vanguard:Cash                                              1,200.00 USD
  Assets:US:Federal:PreTax401k                                       -1,200.00 IRAUSD
  Expenses:Taxes:Y2014:US:Federal:PreTax401k                          1,200.00 IRAUSD
  Income:US:Hoogle:Salary                                            -4,615.38 USD
  Income:US:Hoogle:GroupTermLife                  -24.32 USD
  Expenses:Health:Life:GroupTermLife               24.32 USD
  Expenses:Health:Dental:Insurance                  2.90 USD
  Expenses:Health:Medical:Insurance                27.38 USD
  Expenses:Health:Vision:Insurance                 42.30 USD
  Expenses:Taxes:Y2014:US:Medicare                106.62 USD
  Expenses:Taxes:Y2014:US:Federal                                        1,062.92 USD
  Expenses:Taxes:Y2014:US:State                   365.08 USD
  Expenses:Taxes:Y2014:US:CityNYC                 174.92 USD
  Expenses:Taxes:Y2014:US:SDI                       1.12 USD
  Expenses:Taxes:Y2014:US:SocSec                  281.54 USD
  Assets:US:Hoogle:Vacation                         4.62 VACHR
  Income:US:Hoogle:Vacation                        -4.62 VACHR

2014-03-27 * "Hoogle" | "Payroll"
  Assets:US:BofA:Checking                                               1,350.60 USD
  Assets:US:Vanguard:Cash                                              1,200.00 USD
  Assets:US:Federal:PreTax401k                                       -1,200.00 IRAUSD
  Expenses:Taxes:Y2014:US:Federal:PreTax401k                          1,200.00 IRAUSD
  Income:US:Hoogle:Salary                                            -4,615.38 USD
  Income:US:Hoogle:GroupTermLife                  -24.32 USD
  Expenses:Health:Life:GroupTermLife               24.32 USD
  Expenses:Health:Dental:Insurance                  2.90 USD
  Expenses:Health:Medical:Insurance                27.38 USD
  Expenses:Health:Vision:Insurance                 42.30 USD
  Expenses:Taxes:Y2014:US:Medicare                106.62 USD
  Expenses:Taxes:Y2014:US:Federal                                        1,062.92 USD
  Expenses:Taxes:Y2014:US:State                   365.08 USD
  Expenses:Taxes:Y2014:US:CityNYC                 174.92 USD
  Expenses:Taxes:Y2014:US:SDI                       1.12 USD
  Expenses:Taxes:Y2014:US:SocSec                  281.54 USD
  Assets:US:Hoogle:Vacation                         4.62 VACHR
  Income:US:Hoogle:Vacation                        -4.62 VACHR

2014-04-10 * "Hoogle" | "Payroll"
  Assets:US:BofA:Checking                                               1,350.60 USD
  Assets:US:Vanguard:Cash                                              1,200.00 USD
  Assets:US:Federal:PreTax401k                                       -1,200.00 IRAUSD
  Expenses:Taxes:Y2014:US:Federal:PreTax401k                          1,200.00 IRAUSD
  Income:US:Hoogle:Salary                                            -4,615.38 USD
  Income:US:Hoogle:GroupTermLife                  -24.32 USD
  Expenses:Health:Life:GroupTermLife               24.32 USD
  Expenses:Health:Dental:Insurance                  2.90 USD
  Expenses:Health:Medical:Insurance                27.38 USD
  Expenses:Health:Vision:Insurance                 42.30 USD
  Expenses:Taxes:Y2014:US:Medicare                106.62 USD
  Expenses:Taxes:Y2014:US:Federal                                        1,062.92 USD
  Expenses:Taxes:Y2014:US:State                   365.08 USD
  Expenses:Taxes:Y2014:US:CityNYC                 174.92 USD
  Expenses:Taxes:Y2014:US:SDI                       1.12 USD
  Expenses:Taxes:Y2014:US:SocSec                  281.54 USD
  Assets:US:Hoogle:Vacation                         4.62 VACHR
  Income:US:Hoogle:Vacation                        -4.62 VACHR

2014-04-24 * "Hoogle" | "Payroll"
  Assets:US:BofA:Checking                                               1,350.60 USD
  Assets:US:Vanguard:Cash                                              1,200.00 USD
  Assets:US:Federal:PreTax401k                                       -1,200.00 IRAUSD
  Expenses:Taxes:Y2014:US:Federal:PreTax401k                          1,200.00 IRAUSD
  Income:US:Hoogle:Salary                                            -4,615.38 USD
  Income:US:Hoogle:GroupTermLife                  -24.32 USD
  Expenses:Health:Life:GroupTermLife               24.32 USD
  Expenses:Health:Dental:Insurance                  2.90 USD
  Expenses:Health:Medical:Insurance                27.38 USD
  Expenses:Health:Vision:Insurance                 42.30 USD
  Expenses:Taxes:Y2014:US:Medicare                106.62 USD
  Expenses:Taxes:Y2014:US:Federal                                        1,062.92 USD
  Expenses:Taxes:Y2014:US:State                   365.08 USD
  Expenses:Taxes:Y2014:US:CityNYC                 174.92 USD
  Expenses:Taxes:Y2014:US:SDI                       1.12 USD
  Expenses:Taxes:Y2014:US:SocSec                  281.54 USD
  Assets:US:Hoogle:Vacation                         4.62 VACHR
  Income:US:Hoogle:Vacation                        -4.62 VACHR

2014-05-08 * "Hoogle" | "Payroll"
  Assets:US:BofA:Checking                                               1,350.60 USD
  Assets:US:Vanguard:Cash                                              1,200.00 USD
  Assets:US:Federal:PreTax401k                                       -1,200.00 IRAUSD
  Expenses:Taxes:Y2014:US:Federal:PreTax401k                          1,200.00 IRAUSD
  Income:US:Hoogle:Salary                                            -4,615.38 USD
  Income:US:Hoogle:GroupTermLife                  -24.32 USD
  Expenses:Health:Life:GroupTermLife               24.32 USD
  Expenses:Health:Dental:Insurance                  2.90 USD
  Expenses:Health:Medical:Insurance                27.38 USD
  Expenses:Health:Vision:Insurance                 42.30 USD
  Expenses:Taxes:Y2014:US:Medicare                106.62 USD
  Expenses:Taxes:Y2014:US:Federal                                        1,062.92 USD
  Expenses:Taxes:Y2014:US:State                   365.08 USD
  Expenses:Taxes:Y2014:US:CityNYC                 174.92 USD
  Expenses:Taxes:Y2014:US:SDI                       1.12 USD
  Expenses:Taxes:Y2014:US:SocSec                  281.54 USD
  Assets:US:Hoogle:Vacation                         4.62 VACHR
  Income:US:Hoogle:Vacation                        -4.62 VACHR

2014-05-22 * "Hoogle" | "Payroll"
  Assets:US:BofA:Checking                                               1,350.60 USD
  Assets:US:Vanguard:Cash                                              1,200.00 USD
  Assets:US:Federal:PreTax401k                                       -1,200.00 IRAUSD
  Expenses:Taxes:Y2014:US:Federal:PreTax401k                          1,200.00 IRAUSD
  Income:US:Hoogle:Salary                                            -4,615.38 USD
  Income:US:Hoogle:GroupTermLife                  -24.32 USD
  Expenses:Health:Life:GroupTermLife               24.32 USD
  Expenses:Health:Dental:Insurance                  2.90 USD
  Expenses:Health:Medical:Insurance                27.38 USD
  Expenses:Health:Vision:Insurance                 42.30 USD
  Expenses:Taxes:Y2014:US:Medicare                106.62 USD
  Expenses:Taxes:Y2014:US:Federal                                        1,062.92 USD
  Expenses:Taxes:Y2014:US:State                   365.08 USD
  Expenses:Taxes:Y2014:US:CityNYC                 174.92 USD
  Expenses:Taxes:Y2014:US:SDI                       1.12 USD
  Expenses:Taxes:Y2014:US:SocSec                  281.54 USD
  Assets:US:Hoogle:Vacation                         4.62 VACHR
  Income:US:Hoogle:Vacation                        -4.62 VACHR

2014-06-05 * "Hoogle" | "Payroll"
  Assets:US:BofA:Checking                                               1,350.60 USD
  Assets:US:Vanguard:Cash                                              1,200.00 USD
  Assets:US:Federal:PreTax401k                                       -1,200.00 IRAUSD
  Expenses:Taxes:Y2014:US:Federal:PreTax401k                          1,200.00 IRAUSD
  Income:US:Hoogle:Salary                                            -4,615.38 USD
  Income:US:Hoogle:GroupTermLife                  -24.32 USD
  Expenses:Health:Life:GroupTermLife               24.32 USD
  Expenses:Health:Dental:Insurance                  2.90 USD
  Expenses:Health:Medical:Insurance                27.38 USD
  Expenses:Health:Vision:Insurance                 42.30 USD
  Expenses:Taxes:Y2014:US:Medicare                106.62 USD
  Expenses:Taxes:Y2014:US:Federal                                        1,062.92 USD
  Expenses:Taxes:Y2014:US:State                   365.08 USD
  Expenses:Taxes:Y2014:US:CityNYC                 174.92 USD
  Expenses:Taxes:Y2014:US:SDI                       1.12 USD
  Expenses:Taxes:Y2014:US:SocSec                  281.54 USD
  Assets:US:Hoogle:Vacation                         4.62 VACHR
  Income:US:Hoogle:Vacation                        -4.62 VACHR

2014-06-19 * "Hoogle" | "Payroll"
  Assets:US:BofA:Checking                                               1,350.60 USD
  Assets:US:Vanguard:Cash                                              1,200.00 USD
  Assets:US:Federal:PreTax401k                                       -1,200.00 IRAUSD
  Expenses:Taxes:Y2014:US:Federal:PreTax401k                          1,200.00 IRAUSD
  Income:US:Hoogle:Salary                                            -4,615.38 USD
  Income:US:Hoogle:GroupTermLife                  -24.32 USD
  Expenses:Health:Life:GroupTermLife               24.32 USD
  Expenses:Health:Dental:Insurance                  2.90 USD
  Expenses:Health:Medical:Insurance                27.38 USD
  Expenses:Health:Vision:Insurance                 42.30 USD
  Expenses:Taxes:Y2014:US:Medicare                106.62 USD
  Expenses:Taxes:Y2014:US:Federal                                        1,062.92 USD
  Expenses:Taxes:Y2014:US:State                   365.08 USD
  Expenses:Taxes:Y2014:US:CityNYC                 174.92 USD
  Expenses:Taxes:Y2014:US:SDI                       1.12 USD
  Expenses:Taxes:Y2014:US:SocSec                  281.54 USD
  Assets:US:Hoogle:Vacation                         4.62 VACHR
  Income:US:Hoogle:Vacation                        -4.62 VACHR

2014-07-03 * "Hoogle" | "Payroll"
  Assets:US:BofA:Checking                                               1,350.60 USD
  Assets:US:Vanguard:Cash                                              1,200.00 USD
  Assets:US:Federal:PreTax401k                                       -1,200.00 IRAUSD
  Expenses:Taxes:Y2014:US:Federal:PreTax401k                          1,200.00 IRAUSD
  Income:US:Hoogle:Salary                                            -4,615.38 USD
  Income:US:Hoogle:GroupTermLife                  -24.32 USD
  Expenses:Health:Life:GroupTermLife               24.32 USD
  Expenses:Health:Dental:Insurance                  2.90 USD
  Expenses:Health:Medical:Insurance                27.38 USD
  Expenses:Health:Vision:Insurance                 42.30 USD
  Expenses:Taxes:Y2014:US:Medicare                106.62 USD
  Expenses:Taxes:Y2014:US:Federal                                        1,062.92 USD
  Expenses:Taxes:Y2014:US:State                   365.08 USD
  Expenses:Taxes:Y2014:US:CityNYC                 174.92 USD
  Expenses:Taxes:Y2014:US:SDI                       1.12 USD
  Expenses:Taxes:Y2014:US:SocSec                  281.54 USD
  Assets:US:Hoogle:Vacation                         4.62 VACHR
  Income:US:Hoogle:Vacation                        -4.62 VACHR

2014-07-17 * "Hoogle" | "Payroll"
  Assets:US:BofA:Checking                                               1,850.60 USD
  Assets:US:Vanguard:Cash                         700.00 USD
  Assets:US:Federal:PreTax401k                   -700.00 IRAUSD
  Expenses:Taxes:Y2014:US:Federal:PreTax401k      700.00 IRAUSD
  Income:US:Hoogle:Salary                                            -4,615.38 USD
  Income:US:Hoogle:GroupTermLife                  -24.32 USD
  Expenses:Health:Life:GroupTermLife               24.32 USD
  Expenses:Health:Dental:Insurance                  2.90 USD
  Expenses:Health:Medical:Insurance                27.38 USD
  Expenses:Health:Vision:Insurance                 42.30 USD
  Expenses:Taxes:Y2014:US:Medicare                106.62 USD
  Expenses:Taxes:Y2014:US:Federal                                        1,062.92 USD
  Expenses:Taxes:Y2014:US:State                   365.08 USD
  Expenses:Taxes:Y2014:US:CityNYC                 174.92 USD
  Expenses:Taxes:Y2014:US:SDI                       1.12 USD
  Expenses:Taxes:Y2014:US:SocSec                  281.54 USD
  Assets:US:Hoogle:Vacation                         4.62 VACHR
  Income:US:Hoogle:Vacation                        -4.62 VACHR

2014-07-31 * "Hoogle" | "Payroll"
  Assets:US:BofA:Checking                                               2,550.60 USD
  Income:US:Hoogle:Salary                                            -4,615.38 USD
  Income:US:Hoogle:GroupTermLife                  -24.32 USD
  Expenses:Health:Life:GroupTermLife               24.32 USD
  Expenses:Health:Dental:Insurance                  2.90 USD
  Expenses:Health:Medical:Insurance                27.38 USD
  Expenses:Health:Vision:Insurance                 42.30 USD
  Expenses:Taxes:Y2014:US:Medicare                106.62 USD
  Expenses:Taxes:Y2014:US:Federal                                        1,062.92 USD
  Expenses:Taxes:Y2014:US:State                   365.08 USD
  Expenses:Taxes:Y2014:US:CityNYC                 174.92 USD
  Expenses:Taxes:Y2014:US:SDI                       1.12 USD
  Expenses:Taxes:Y2014:US:SocSec                  281.54 USD
  Assets:US:Hoogle:Vacation                         4.62 VACHR
  Income:US:Hoogle:Vacation                        -4.62 VACHR

2014-08-14 * "Hoogle" | "Payroll"
  Assets:US:BofA:Checking                                               2,550.60 USD
  Income:US:Hoogle:Salary                                            -4,615.38 USD
  Income:US:Hoogle:GroupTermLife                  -24.32 USD
  Expenses:Health:Life:GroupTermLife               24.32 USD
  Expenses:Health:Dental:Insurance                  2.90 USD
  Expenses:Health:Medical:Insurance                27.38 USD
  Expenses:Health:Vision:Insurance                 42.30 USD
  Expenses:Taxes:Y2014:US:Medicare                106.62 USD
  Expenses:Taxes:Y2014:US:Federal                                        1,062.92 USD
  Expenses:Taxes:Y2014:US:State                   365.08 USD
  Expenses:Taxes:Y2014:US:CityNYC                 174.92 USD
  Expenses:Taxes:Y2014:US:SDI                       1.12 USD
  Expenses:Taxes:Y2014:US:SocSec                  281.54 USD
  Assets:US:Hoogle:Vacation                         4.62 VACHR
  Income:US:Hoogle:Vacation                        -4.62 VACHR

2014-08-28 * "Hoogle" | "Payroll"
  Assets:US:BofA:Checking                                               2,550.60 USD
  Income:US:Hoogle:Salary                                            -4,615.38 USD
  Income:US:Hoogle:GroupTermLife                  -24.32 USD
  Expenses:Health:Life:GroupTermLife               24.32 USD
  Expenses:Health:Dental:Insurance                  2.90 USD
  Expenses:Health:Medical:Insurance                27.38 USD
  Expenses:Health:Vision:Insurance                 42.30 USD
  Expenses:Taxes:Y2014:US:Medicare                106.62 USD
  Expenses:Taxes:Y2014:US:Federal                                        1,062.92 USD
  Expenses:Taxes:Y2014:US:State                   365.08 USD
  Expenses:Taxes:Y2014:US:CityNYC                 174.92 USD
  Expenses:Taxes:Y2014:US:SDI                       1.12 USD
  Expenses:Taxes:Y2014:US:SocSec                  281.54 USD
  Assets:US:Hoogle:Vacation                         4.62 VACHR
  Income:US:Hoogle:Vacation                        -4.62 VACHR

2014-09-11 * "Hoogle" | "Payroll"
  Assets:US:BofA:Checking                                               2,550.60 USD
  Income:US:Hoogle:Salary                                            -4,615.38 USD
  Income:US:Hoogle:GroupTermLife                  -24.32 USD
  Expenses:Health:Life:GroupTermLife               24.32 USD
  Expenses:Health:Dental:Insurance                  2.90 USD
  Expenses:Health:Medical:Insurance                27.38 USD
  Expenses:Health:Vision:Insurance                 42.30 USD
  Expenses:Taxes:Y2014:US:Medicare                106.62 USD
  Expenses:Taxes:Y2014:US:Federal                                        1,062.92 USD
  Expenses:Taxes:Y2014:US:State                   365.08 USD
  Expenses:Taxes:Y2014:US:CityNYC                 174.92 USD
  Expenses:Taxes:Y2014:US:SDI                       1.12 USD
  Expenses:Taxes:Y2014:US:SocSec                  281.54 USD
  Assets:US:Hoogle:Vacation                         4.62 VACHR
  Income:US:Hoogle:Vacation                        -4.62 VACHR

2014-09-25 * "Hoogle" | "Payroll"
  Assets:US:BofA:Checking                                               2,550.60 USD
  Income:US:Hoogle:Salary                                            -4,615.38 USD
  Income:US:Hoogle:GroupTermLife                  -24.32 USD
  Expenses:Health:Life:GroupTermLife               24.32 USD
  Expenses:Health:Dental:Insurance                  2.90 USD
  Expenses:Health:Medical:Insurance                27.38 USD
  Expenses:Health:Vision:Insurance                 42.30 USD
  Expenses:Taxes:Y2014:US:Medicare                106.62 USD
  Expenses:Taxes:Y2014:US:Federal                                        1,062.92 USD
  Expenses:Taxes:Y2014:US:State                   365.08 USD
  Expenses:Taxes:Y2014:US:CityNYC                 174.92 USD
  Expenses:Taxes:Y2014:US:SDI                       1.12 USD
  Expenses:Taxes:Y2014:US:SocSec                  281.54 USD
  Assets:US:Hoogle:Vacation                         4.62 VACHR
  Income:US:Hoogle:Vacation                        -4.62 VACHR

2014-10-09 * "Hoogle" | "Payroll"
  Assets:US:BofA:Checking                                               2,550.60 USD
  Income:US:Hoogle:Salary                                            -4,615.38 USD
  Income:US:Hoogle:GroupTermLife                  -24.32 USD
  Expenses:Health:Life:GroupTermLife               24.32 USD
  Expenses:Health:Dental:Insurance                  2.90 USD
  Expenses:Health:Medical:Insurance                27.38 USD
  Expenses:Health:Vision:Insurance                 42.30 USD
  Expenses:Taxes:Y2014:US:Medicare                106.62 USD
  Expenses:Taxes:Y2014:US:Federal                                        1,062.92 USD
  Expenses:Taxes:Y2014:US:State                   365.08 USD
  Expenses:Taxes:Y2014:US:CityNYC                 174.92 USD
  Expenses:Taxes:Y2014:US:SDI                       1.12 USD
  Expenses:Taxes:Y2014:US:SocSec                  281.54 USD
  Assets:US:Hoogle:Vacation                         4.62 VACHR
  Income:US:Hoogle:Vacation                        -4.62 VACHR

2014-10-23 * "Hoogle" | "Payroll"
  Assets:US:BofA:Checking                                               2,550.60 USD
  Income:US:Hoogle:Salary                                            -4,615.38 USD
  Income:US:Hoogle:GroupTermLife                  -24.32 USD
  Expenses:Health:Life:GroupTermLife               24.32 USD
  Expenses:Health:Dental:Insurance                  2.90 USD
  Expenses:Health:Medical:Insurance                27.38 USD
  Expenses:Health:Vision:Insurance                 42.30 USD
  Expenses:Taxes:Y2014:US:Medicare                106.62 USD
  Expenses:Taxes:Y2014:US:Federal                                        1,062.92 USD
  Expenses:Taxes:Y2014:US:State                   365.08 USD
  Expenses:Taxes:Y2014:US:CityNYC                 174.92 USD
  Expenses:Taxes:Y2014:US:SDI                       1.12 USD
  Expenses:Taxes:Y2014:US:SocSec                  281.54 USD
  Assets:US:Hoogle:Vacation                         4.62 VACHR
  Income:US:Hoogle:Vacation                        -4.62 VACHR

2014-11-06 * "Hoogle" | "Payroll"
  Assets:US:BofA:Checking                                               2,550.60 USD
  Income:US:Hoogle:Salary                                            -4,615.38 USD
  Income:US:Hoogle:GroupTermLife                  -24.32 USD
  Expenses:Health:Life:GroupTermLife               24.32 USD
  Expenses:Health:Dental:Insurance                  2.90 USD
  Expenses:Health:Medical:Insurance                27.38 USD
  Expenses:Health:Vision:Insurance                 42.30 USD
  Expenses:Taxes:Y2014:US:Medicare                106.62 USD
  Expenses:Taxes:Y2014:US:Federal                                        1,062.92 USD
  Expenses:Taxes:Y2014:US:State                   365.08 USD
  Expenses:Taxes:Y2014:US:CityNYC                 174.92 USD
  Expenses:Taxes:Y2014:US:SDI                       1.12 USD
  Expenses:Taxes:Y2014:US:SocSec                  281.54 USD
  Assets:US:Hoogle:Vacation                         4.62 VACHR
  Income:US:Hoogle:Vacation                        -4.62 VACHR

* Taxes

1980-05-12 open Income:US:Federal:PreTax401k                    IRAUSD

1980-05-12 open Assets:US:Federal:PreTax401k                    IRAUSD

** Tax Year 2012

2012-01-01 open Expenses:Taxes:Y2012:US:Federal:PreTax401k      IRAUSD

2012-01-01 open Expenses:Taxes:Y2012:US:Medicare                USD

2012-01-01 open Expenses:Taxes:Y2012:US:Federal                 USD

2012-01-01 open Expenses:Taxes:Y2012:US:CityNYC                 USD

2012-01-01 open Expenses:Taxes:Y2012:US:SDI                     USD

2012-01-01 open Expenses:Taxes:Y2012:US:State                   USD

2012-01-01 open Expenses:Taxes:Y2012:US:SocSec                  USD

2012-01-01 balance Assets:US:Federal:PreTax401k     0.00 IRAUSD

2012-01-01 * "Allowed contributions for one year"
  Income:US:Federal:PreTax401k                                      -17,000.00 IRAUSD
  Assets:US:Federal:PreTax401k                                       17,000.00 IRAUSD

2013-03-22 * "Filing taxes for 2012"
  Expenses:Taxes:Y2012:US:Federal                 666.65 USD
  Expenses:Taxes:Y2012:US:State                   377.56 USD
  Liabilities:AccountsPayable                                           -1,044.21 USD

2013-03-23 * "STATE TAX & FINANC PYMT"
  Assets:US:BofA:Checking                        -377.56 USD
  Liabilities:AccountsPayable                     377.56 USD

2013-03-26 * "FEDERAL TAXPYMT"
  Assets:US:BofA:Checking                        -666.65 USD
  Liabilities:AccountsPayable                     666.65 USD

** Tax Year 2013

2013-01-01 open Expenses:Taxes:Y2013:US:Federal:PreTax401k      IRAUSD

2013-01-01 open Expenses:Taxes:Y2013:US:Medicare                USD

2013-01-01 open Expenses:Taxes:Y2013:US:Federal                 USD

2013-01-01 open Expenses:Taxes:Y2013:US:CityNYC                 USD

2013-01-01 open Expenses:Taxes:Y2013:US:SDI                     USD

2013-01-01 open Expenses:Taxes:Y2013:US:State                   USD

2013-01-01 open Expenses:Taxes:Y2013:US:SocSec                  USD

2013-01-01 balance Assets:US:Federal:PreTax401k     0.00 IRAUSD

2013-01-01 * "Allowed contributions for one year"
  Income:US:Federal:PreTax401k                                      -17,500.00 IRAUSD
  Assets:US:Federal:PreTax401k                                       17,500.00 IRAUSD

2014-03-24 * "Filing taxes for 2013"
  Expenses:Taxes:Y2013:US:Federal                 411.56 USD
  Expenses:Taxes:Y2013:US:State                   163.54 USD
  Liabilities:AccountsPayable                    -575.10 USD

2014-03-26 * "STATE TAX & FINANC PYMT"
  Assets:US:BofA:Checking                        -163.54 USD
  Liabilities:AccountsPayable                     163.54 USD

2014-03-27 * "FEDERAL TAXPYMT"
  Assets:US:BofA:Checking                        -411.56 USD
  Liabilities:AccountsPayable                     411.56 USD

** Tax Year 2014

2014-01-01 open Expenses:Taxes:Y2014:US:Federal:PreTax401k      IRAUSD

2014-01-01 open Expenses:Taxes:Y2014:US:Medicare                USD

2014-01-01 open Expenses:Taxes:Y2014:US:Federal                 USD

2014-01-01 open Expenses:Taxes:Y2014:US:CityNYC                 USD

2014-01-01 open Expenses:Taxes:Y2014:US:SDI                     USD

2014-01-01 open Expenses:Taxes:Y2014:US:State                   USD

2014-01-01 open Expenses:Taxes:Y2014:US:SocSec                  USD

2014-01-01 balance Assets:US:Federal:PreTax401k     0.00 IRAUSD

2014-01-01 * "Allowed contributions for one year"
  Income:US:Federal:PreTax401k                                      -17,500.00 IRAUSD
  Assets:US:Federal:PreTax401k                                       17,500.00 IRAUSD

* Expenses

1980-05-12 open Expenses:Food:Groceries                         

1980-05-12 open Expenses:Food:Restaurant                        

1980-05-12 open Expenses:Food:Coffee                            

1980-05-12 open Expenses:Food:Alcohol                           

1980-05-12 open Expenses:Transport:Tram                         

1980-05-12 open Expenses:Home:Rent                              

1980-05-12 open Expenses:Home:Electricity                       

1980-05-12 open Expenses:Home:Internet                          

1980-05-12 open Expenses:Financial:Fees                         

1980-05-12 open Expenses:Financial:Commissions                  

* Prices

2012-01-06 price VBMPX                            152.91 USD

2012-01-06 price RGAGX                             50.28 USD

2012-01-06 price ITOT                             162.87 USD

2012-01-06 price VEA                              197.40 USD

2012-01-06 price VHT                               57.74 USD

2012-01-06 price GLD                               98.24 USD

2012-01-13 price VBMPX                            155.89 USD

2012-01-13 price RGAGX                             51.29 USD

2012-01-13 price ITOT                             162.26 USD

2012-01-13 price VEA                              201.04 USD

2012-01-13 price VHT                               57.78 USD

2012-01-13 price GLD                              103.29 USD

2012-01-20 price VBMPX                            150.57 USD

2012-01-20 price RGAGX                             52.43 USD

2012-01-20 price ITOT                             161.94 USD

2012-01-20 price VEA                              201.06 USD

2012-01-20 price VHT                               59.97 USD

2012-01-20 price GLD                              106.45 USD

2012-01-27 price VBMPX                            149.87 USD

2012-01-27 price RGAGX                             52.26 USD

2012-01-27 price ITOT                             161.27 USD

2012-01-27 price VEA                              199.45 USD

2012-01-27 price VHT                               58.92 USD

2012-01-27 price GLD                              108.86 USD

2012-02-03 price VBMPX                            153.66 USD

2012-02-03 price RGAGX                             53.24 USD

2012-02-03 price ITOT                             161.90 USD

2012-02-03 price VEA                              198.01 USD

2012-02-03 price VHT                               59.16 USD

2012-02-03 price GLD                              109.62 USD

2012-02-10 price VBMPX                            153.54 USD

2012-02-10 price RGAGX                             50.86 USD

2012-02-10 price ITOT                             163.11 USD

2012-02-10 price VEA                              199.44 USD

2012-02-10 price VHT                               59.86 USD

2012-02-10 price GLD                              107.74 USD

2012-02-17 price VBMPX                            152.69 USD

2012-02-17 price RGAGX                             51.24 USD

2012-02-17 price ITOT                             166.02 USD

2012-02-17 price VEA                              201.75 USD

2012-02-17 price VHT                               60.43 USD

2012-02-17 price GLD                              107.99 USD

2012-02-24 price VBMPX                            151.87 USD

2012-02-24 price RGAGX                             51.39 USD

2012-02-24 price ITOT                             166.58 USD

2012-02-24 price VEA                              203.70 USD

2012-02-24 price VHT                               59.87 USD

2012-02-24 price GLD                              107.54 USD

2012-03-02 price VBMPX                            151.55 USD

2012-03-02 price RGAGX                             51.77 USD

2012-03-02 price ITOT                             166.21 USD

2012-03-02 price VEA                              206.66 USD

2012-03-02 price VHT                               58.49 USD

2012-03-02 price GLD                              108.47 USD

2012-03-09 price VBMPX                            147.37 USD

2012-03-09 price RGAGX                             53.38 USD

2012-03-09 price ITOT                             167.62 USD

2012-03-09 price VEA                              213.53 USD

2012-03-09 price VHT                               57.67 USD

2012-03-09 price GLD                              108.59 USD

2012-03-16 price VBMPX                            146.44 USD

2012-03-16 price RGAGX                             52.76 USD

2012-03-16 price ITOT                             168.57 USD

2012-03-16 price VEA                              212.77 USD

2012-03-16 price VHT                               56.98 USD

2012-03-16 price GLD                              112.62 USD

2012-03-23 price VBMPX                            147.68 USD

2012-03-23 price RGAGX                             53.13 USD

2012-03-23 price ITOT                             169.21 USD

2012-03-23 price VEA                              211.31 USD

2012-03-23 price VHT                               55.99 USD

2012-03-23 price GLD                              110.67 USD

2012-03-30 price VBMPX                            149.27 USD

2012-03-30 price RGAGX                             52.76 USD

2012-03-30 price ITOT                             166.81 USD

2012-03-30 price VEA                              214.04 USD

2012-03-30 price VHT                               56.23 USD

2012-03-30 price GLD                              110.07 USD

2012-04-06 price VBMPX                            150.72 USD

2012-04-06 price RGAGX                             52.18 USD

2012-04-06 price ITOT                             168.35 USD

2012-04-06 price VEA                              214.22 USD

2012-04-06 price VHT                               54.41 USD

2012-04-06 price GLD                              112.54 USD

2012-04-13 price VBMPX                            152.74 USD

2012-04-13 price RGAGX                             51.64 USD

2012-04-13 price ITOT                             171.15 USD

2012-04-13 price VEA                              203.78 USD

2012-04-13 price VHT                               54.67 USD

2012-04-13 price GLD                              114.82 USD

2012-04-20 price VBMPX                            148.72 USD

2012-04-20 price RGAGX                             51.19 USD

2012-04-20 price ITOT                             171.31 USD

2012-04-20 price VEA                              203.93 USD

2012-04-20 price VHT                               56.33 USD

2012-04-20 price GLD                              112.17 USD

2012-04-27 price VBMPX                            150.03 USD

2012-04-27 price RGAGX                             51.78 USD

2012-04-27 price ITOT                             172.37 USD

2012-04-27 price VEA                              203.57 USD

2012-04-27 price VHT                               55.12 USD

2012-04-27 price GLD                              112.00 USD

2012-05-04 price VBMPX                            154.16 USD

2012-05-04 price RGAGX                             51.85 USD

2012-05-04 price ITOT                             172.64 USD

2012-05-04 price VEA                              203.97 USD

2012-05-04 price VHT                               53.80 USD

2012-05-04 price GLD                              111.69 USD

2012-05-11 price VBMPX                            158.01 USD

2012-05-11 price RGAGX                             50.99 USD

2012-05-11 price ITOT                             171.25 USD

2012-05-11 price VEA                              204.12 USD

2012-05-11 price VHT                               54.58 USD

2012-05-11 price GLD                              111.88 USD

2012-05-18 price VBMPX                            153.81 USD

2012-05-18 price RGAGX                             50.80 USD

2012-05-18 price ITOT                             172.92 USD

2012-05-18 price VEA                              205.11 USD

2012-05-18 price VHT                               55.74 USD

2012-05-18 price GLD                              112.26 USD

2012-05-25 price VBMPX                            156.60 USD

2012-05-25 price RGAGX                             49.26 USD

2012-05-25 price ITOT                             173.88 USD

2012-05-25 price VEA                              203.75 USD

2012-05-25 price VHT                               56.58 USD

2012-05-25 price GLD                              112.77 USD

2012-06-01 price VBMPX                            156.72 USD

2012-06-01 price RGAGX                             49.16 USD

2012-06-01 price ITOT                             175.90 USD

2012-06-01 price VEA                              201.90 USD

2012-06-01 price VHT                               57.47 USD

2012-06-01 price GLD                              111.24 USD

2012-06-08 price VBMPX                            157.21 USD

2012-06-08 price RGAGX                             48.97 USD

2012-06-08 price ITOT                             176.12 USD

2012-06-08 price VEA                              202.13 USD

2012-06-08 price VHT                               56.64 USD

2012-06-08 price GLD                              112.80 USD

2012-06-15 price VBMPX                            155.65 USD

2012-06-15 price RGAGX                             47.44 USD

2012-06-15 price ITOT                             176.36 USD

2012-06-15 price VEA                              202.15 USD

2012-06-15 price VHT                               57.88 USD

2012-06-15 price GLD                              113.53 USD

2012-06-22 price VBMPX                            156.67 USD

2012-06-22 price RGAGX                             46.46 USD

2012-06-22 price ITOT                             175.25 USD

2012-06-22 price VEA                              203.20 USD

2012-06-22 price VHT                               57.28 USD

2012-06-22 price GLD                              113.13 USD

2012-06-29 price VBMPX                            159.91 USD

2012-06-29 price RGAGX                             46.62 USD

2012-06-29 price ITOT                             174.89 USD

2012-06-29 price VEA                              196.38 USD

2012-06-29 price VHT                               57.76 USD

2012-06-29 price GLD                              116.00 USD

2012-07-06 price VBMPX                            159.79 USD

2012-07-06 price RGAGX                             45.88 USD

2012-07-06 price ITOT                             175.88 USD

2012-07-06 price VEA                              200.99 USD

2012-07-06 price VHT                               57.76 USD

2012-07-06 price GLD                              111.74 USD

2012-07-13 price VBMPX                            161.95 USD

2012-07-13 price RGAGX                             45.36 USD

2012-07-13 price ITOT                             176.21 USD

2012-07-13 price VEA                              201.49 USD

2012-07-13 price VHT                               56.37 USD

2012-07-13 price GLD                              110.38 USD

2012-07-20 price VBMPX                            158.44 USD

2012-07-20 price RGAGX                             44.98 USD

2012-07-20 price ITOT                             178.28 USD

2012-07-20 price VEA                              202.95 USD

2012-07-20 price VHT                               56.60 USD

2012-07-20 price GLD                              111.08 USD

2012-07-27 price VBMPX                            159.58 USD

2012-07-27 price RGAGX                             44.05 USD

2012-07-27 price ITOT                             178.01 USD

2012-07-27 price VEA                              198.53 USD

2012-07-27 price VHT                               55.88 USD

2012-07-27 price GLD                              112.78 USD

2012-08-03 price VBMPX                            161.87 USD

2012-08-03 price RGAGX                             43.59 USD

2012-08-03 price ITOT                             176.84 USD

2012-08-03 price VEA                              195.74 USD

2012-08-03 price VHT                               55.67 USD

2012-08-03 price GLD                              111.54 USD

2012-08-10 price VBMPX                            161.69 USD

2012-08-10 price RGAGX                             44.68 USD

2012-08-10 price ITOT                             177.04 USD

2012-08-10 price VEA                              194.66 USD

2012-08-10 price VHT                               54.73 USD

2012-08-10 price GLD                              111.11 USD

2012-08-17 price VBMPX                            164.98 USD

2012-08-17 price RGAGX                             45.44 USD

2012-08-17 price ITOT                             174.59 USD

2012-08-17 price VEA                              194.10 USD

2012-08-17 price VHT                               55.68 USD

2012-08-17 price GLD                              112.96 USD

2012-08-24 price VBMPX                            168.55 USD

2012-08-24 price RGAGX                             45.30 USD

2012-08-24 price ITOT                             175.40 USD

2012-08-24 price VEA                              192.82 USD

2012-08-24 price VHT                               55.05 USD

2012-08-24 price GLD                              114.96 USD

2012-08-31 price VBMPX                            172.92 USD

2012-08-31 price RGAGX                             45.22 USD

2012-08-31 price ITOT                             173.11 USD

2012-08-31 price VEA                              192.42 USD

2012-08-31 price VHT                               56.87 USD

2012-08-31 price GLD                              110.73 USD

2012-09-07 price VBMPX                            173.39 USD

2012-09-07 price RGAGX                             45.49 USD

2012-09-07 price ITOT                             172.90 USD

2012-09-07 price VEA                              188.81 USD

2012-09-07 price VHT                               57.88 USD

2012-09-07 price GLD                              109.87 USD

2012-09-14 price VBMPX                            168.43 USD

2012-09-14 price RGAGX                             46.44 USD

2012-09-14 price ITOT                             174.12 USD

2012-09-14 price VEA                              190.09 USD

2012-09-14 price VHT                               59.36 USD

2012-09-14 price GLD                              111.87 USD

2012-09-21 price VBMPX                            165.52 USD

2012-09-21 price RGAGX                             45.19 USD

2012-09-21 price ITOT                             175.48 USD

2012-09-21 price VEA                              190.32 USD

2012-09-21 price VHT                               60.42 USD

2012-09-21 price GLD                              112.14 USD

2012-09-28 price VBMPX                            174.34 USD

2012-09-28 price RGAGX                             44.87 USD

2012-09-28 price ITOT                             175.59 USD

2012-09-28 price VEA                              191.24 USD

2012-09-28 price VHT                               59.25 USD

2012-09-28 price GLD                              111.31 USD

2012-10-05 price VBMPX                            181.75 USD

2012-10-05 price RGAGX                             44.50 USD

2012-10-05 price ITOT                             179.42 USD

2012-10-05 price VEA                              190.39 USD

2012-10-05 price VHT                               59.65 USD

2012-10-05 price GLD                              110.71 USD

2012-10-12 price VBMPX                            179.70 USD

2012-10-12 price RGAGX                             44.65 USD

2012-10-12 price ITOT                             179.14 USD

2012-10-12 price VEA                              192.04 USD

2012-10-12 price VHT                               59.91 USD

2012-10-12 price GLD                              112.03 USD

2012-10-19 price VBMPX                            180.81 USD

2012-10-19 price RGAGX                             45.34 USD

2012-10-19 price ITOT                             180.02 USD

2012-10-19 price VEA                              194.19 USD

2012-10-19 price VHT                               57.30 USD

2012-10-19 price GLD                              114.66 USD

2012-10-26 price VBMPX                            177.15 USD

2012-10-26 price RGAGX                             46.16 USD

2012-10-26 price ITOT                             177.65 USD

2012-10-26 price VEA                              190.98 USD

2012-10-26 price VHT                               57.37 USD

2012-10-26 price GLD                              114.45 USD

2012-11-02 price VBMPX                            177.06 USD

2012-11-02 price RGAGX                             45.92 USD

2012-11-02 price ITOT                             178.41 USD

2012-11-02 price VEA                              189.20 USD

2012-11-02 price VHT                               56.64 USD

2012-11-02 price GLD                              116.34 USD

2012-11-09 price VBMPX                            181.99 USD

2012-11-09 price RGAGX                             45.82 USD

2012-11-09 price ITOT                             178.01 USD

2012-11-09 price VEA                              184.56 USD

2012-11-09 price VHT                               56.88 USD

2012-11-09 price GLD                              112.94 USD

2012-11-16 price VBMPX                            182.74 USD

2012-11-16 price RGAGX                             46.65 USD

2012-11-16 price ITOT                             176.33 USD

2012-11-16 price VEA                              190.67 USD

2012-11-16 price VHT                               58.07 USD

2012-11-16 price GLD                              116.26 USD

2012-11-23 price VBMPX                            182.06 USD

2012-11-23 price RGAGX                             46.24 USD

2012-11-23 price ITOT                             175.27 USD

2012-11-23 price VEA                              190.19 USD

2012-11-23 price VHT                               57.98 USD

2012-11-23 price GLD                              115.72 USD

2012-11-30 price VBMPX                            182.21 USD

2012-11-30 price RGAGX                             45.48 USD

2012-11-30 price ITOT                             173.72 USD

2012-11-30 price VEA                              188.69 USD

2012-11-30 price VHT                               56.56 USD

2012-11-30 price GLD                              112.87 USD

2012-12-07 price VBMPX                            186.11 USD

2012-12-07 price RGAGX                             46.14 USD

2012-12-07 price ITOT                             176.94 USD

2012-12-07 price VEA                              185.88 USD

2012-12-07 price VHT                               56.49 USD

2012-12-07 price GLD                              112.84 USD

2012-12-14 price VBMPX                            188.00 USD

2012-12-14 price RGAGX                             46.77 USD

2012-12-14 price ITOT                             175.35 USD

2012-12-14 price VEA                              178.47 USD

2012-12-14 price VHT                               55.37 USD

2012-12-14 price GLD                              111.24 USD

2012-12-21 price VBMPX                            186.50 USD

2012-12-21 price RGAGX                             47.77 USD

2012-12-21 price ITOT                             174.55 USD

2012-12-21 price VEA                              174.26 USD

2012-12-21 price VHT                               55.89 USD

2012-12-21 price GLD                              108.59 USD

2012-12-28 price VBMPX                            182.93 USD

2012-12-28 price RGAGX                             48.03 USD

2012-12-28 price ITOT                             175.79 USD

2012-12-28 price VEA                              178.01 USD

2012-12-28 price VHT                               55.23 USD

2012-12-28 price GLD                              110.75 USD

2013-01-04 price VBMPX                            181.16 USD

2013-01-04 price RGAGX                             47.78 USD

2013-01-04 price ITOT                             178.52 USD

2013-01-04 price VEA                              179.11 USD

2013-01-04 price VHT                               55.15 USD

2013-01-04 price GLD                              109.48 USD

2013-01-11 price VBMPX                            183.80 USD

2013-01-11 price RGAGX                             47.29 USD

2013-01-11 price ITOT                             180.98 USD

2013-01-11 price VEA                              176.53 USD

2013-01-11 price VHT                               54.41 USD

2013-01-11 price GLD                              110.17 USD

2013-01-18 price VBMPX                            186.02 USD

2013-01-18 price RGAGX                             46.74 USD

2013-01-18 price ITOT                             185.00 USD

2013-01-18 price VEA                              177.53 USD

2013-01-18 price VHT                               55.58 USD

2013-01-18 price GLD                              109.86 USD

2013-01-25 price VBMPX                            186.01 USD

2013-01-25 price RGAGX                             46.97 USD

2013-01-25 price ITOT                             185.77 USD

2013-01-25 price VEA                              178.42 USD

2013-01-25 price VHT                               55.12 USD

2013-01-25 price GLD                              114.81 USD

2013-02-01 price VBMPX                            185.32 USD

2013-02-01 price RGAGX                             46.28 USD

2013-02-01 price ITOT                             186.21 USD

2013-02-01 price VEA                              181.09 USD

2013-02-01 price VHT                               55.58 USD

2013-02-01 price GLD                              116.25 USD

2013-02-08 price VBMPX                            186.90 USD

2013-02-08 price RGAGX                             46.32 USD

2013-02-08 price ITOT                             185.79 USD

2013-02-08 price VEA                              181.56 USD

2013-02-08 price VHT                               54.83 USD

2013-02-08 price GLD                              113.11 USD

2013-02-15 price VBMPX                            184.82 USD

2013-02-15 price RGAGX                             45.85 USD

2013-02-15 price ITOT                             184.61 USD

2013-02-15 price VEA                              181.22 USD

2013-02-15 price VHT                               53.98 USD

2013-02-15 price GLD                              111.74 USD

2013-02-22 price VBMPX                            185.52 USD

2013-02-22 price RGAGX                             46.85 USD

2013-02-22 price ITOT                             186.94 USD

2013-02-22 price VEA                              183.83 USD

2013-02-22 price VHT                               55.66 USD

2013-02-22 price GLD                              111.56 USD

2013-03-01 price VBMPX                            186.70 USD

2013-03-01 price RGAGX                             47.79 USD

2013-03-01 price ITOT                             187.41 USD

2013-03-01 price VEA                              185.00 USD

2013-03-01 price VHT                               55.30 USD

2013-03-01 price GLD                              113.32 USD

2013-03-08 price VBMPX                            185.40 USD

2013-03-08 price RGAGX                             46.26 USD

2013-03-08 price ITOT                             186.12 USD

2013-03-08 price VEA                              188.19 USD

2013-03-08 price VHT                               55.37 USD

2013-03-08 price GLD                              115.38 USD

2013-03-15 price VBMPX                            184.59 USD

2013-03-15 price RGAGX                             46.45 USD

2013-03-15 price ITOT                             187.46 USD

2013-03-15 price VEA                              187.92 USD

2013-03-15 price VHT                               54.29 USD

2013-03-15 price GLD                              114.91 USD

2013-03-22 price VBMPX                            184.44 USD

2013-03-22 price RGAGX                             46.89 USD

2013-03-22 price ITOT                             188.73 USD

2013-03-22 price VEA                              187.59 USD

2013-03-22 price VHT                               55.43 USD

2013-03-22 price GLD                              113.99 USD

2013-03-29 price VBMPX                            181.60 USD

2013-03-29 price RGAGX                             47.89 USD

2013-03-29 price ITOT                             189.81 USD

2013-03-29 price VEA                              190.56 USD

2013-03-29 price VHT                               55.03 USD

2013-03-29 price GLD                              112.81 USD

2013-04-05 price VBMPX                            181.64 USD

2013-04-05 price RGAGX                             47.38 USD

2013-04-05 price ITOT                             191.17 USD

2013-04-05 price VEA                              191.43 USD

2013-04-05 price VHT                               56.49 USD

2013-04-05 price GLD                              112.30 USD

2013-04-12 price VBMPX                            184.12 USD

2013-04-12 price RGAGX                             47.94 USD

2013-04-12 price ITOT                             190.87 USD

2013-04-12 price VEA                              191.85 USD

2013-04-12 price VHT                               58.91 USD

2013-04-12 price GLD                              113.49 USD

2013-04-19 price VBMPX                            188.84 USD

2013-04-19 price RGAGX                             48.56 USD

2013-04-19 price ITOT                             192.46 USD

2013-04-19 price VEA                              194.35 USD

2013-04-19 price VHT                               58.17 USD

2013-04-19 price GLD                              114.69 USD

2013-04-26 price VBMPX                            189.72 USD

2013-04-26 price RGAGX                             49.00 USD

2013-04-26 price ITOT                             193.40 USD

2013-04-26 price VEA                              195.69 USD

2013-04-26 price VHT                               60.29 USD

2013-04-26 price GLD                              115.22 USD

2013-05-03 price VBMPX                            188.72 USD

2013-05-03 price RGAGX                             49.68 USD

2013-05-03 price ITOT                             192.04 USD

2013-05-03 price VEA                              189.30 USD

2013-05-03 price VHT                               61.21 USD

2013-05-03 price GLD                              116.26 USD

2013-05-10 price VBMPX                            191.83 USD

2013-05-10 price RGAGX                             49.80 USD

2013-05-10 price ITOT                             188.26 USD

2013-05-10 price VEA                              189.34 USD

2013-05-10 price VHT                               61.55 USD

2013-05-10 price GLD                              114.01 USD

2013-05-17 price VBMPX                            187.13 USD

2013-05-17 price RGAGX                             48.03 USD

2013-05-17 price ITOT                             189.73 USD

2013-05-17 price VEA                              190.54 USD

2013-05-17 price VHT                               59.96 USD

2013-05-17 price GLD                              114.58 USD

2013-05-24 price VBMPX                            186.05 USD

2013-05-24 price RGAGX                             47.98 USD

2013-05-24 price ITOT                             189.57 USD

2013-05-24 price VEA                              192.34 USD

2013-05-24 price VHT                               59.97 USD

2013-05-24 price GLD                              114.86 USD

2013-05-31 price VBMPX                            180.83 USD

2013-05-31 price RGAGX                             47.46 USD

2013-05-31 price ITOT                             189.53 USD

2013-05-31 price VEA                              195.05 USD

2013-05-31 price VHT                               60.45 USD

2013-05-31 price GLD                              115.60 USD

2013-06-07 price VBMPX                            180.05 USD

2013-06-07 price RGAGX                             48.13 USD

2013-06-07 price ITOT                             191.86 USD

2013-06-07 price VEA                              194.29 USD

2013-06-07 price VHT                               59.75 USD

2013-06-07 price GLD                              114.61 USD

2013-06-14 price VBMPX                            182.06 USD

2013-06-14 price RGAGX                             47.69 USD

2013-06-14 price ITOT                             192.26 USD

2013-06-14 price VEA                              197.47 USD

2013-06-14 price VHT                               58.36 USD

2013-06-14 price GLD                              115.55 USD

2013-06-21 price VBMPX                            175.82 USD

2013-06-21 price RGAGX                             46.04 USD

2013-06-21 price ITOT                             190.83 USD

2013-06-21 price VEA                              199.16 USD

2013-06-21 price VHT                               57.88 USD

2013-06-21 price GLD                              114.75 USD

2013-06-28 price VBMPX                            176.52 USD

2013-06-28 price RGAGX                             46.67 USD

2013-06-28 price ITOT                             190.98 USD

2013-06-28 price VEA                              199.85 USD

2013-06-28 price VHT                               57.58 USD

2013-06-28 price GLD                              113.48 USD

2013-07-05 price VBMPX                            169.96 USD

2013-07-05 price RGAGX                             46.78 USD

2013-07-05 price ITOT                             193.85 USD

2013-07-05 price VEA                              200.75 USD

2013-07-05 price VHT                               57.26 USD

2013-07-05 price GLD                              113.01 USD

2013-07-12 price VBMPX                            171.14 USD

2013-07-12 price RGAGX                             47.89 USD

2013-07-12 price ITOT                             195.88 USD

2013-07-12 price VEA                              207.03 USD

2013-07-12 price VHT                               57.42 USD

2013-07-12 price GLD                              113.84 USD

2013-07-19 price VBMPX                            170.82 USD

2013-07-19 price RGAGX                             47.86 USD

2013-07-19 price ITOT                             197.73 USD

2013-07-19 price VEA                              211.95 USD

2013-07-19 price VHT                               57.06 USD

2013-07-19 price GLD                              116.71 USD

2013-07-26 price VBMPX                            168.37 USD

2013-07-26 price RGAGX                             47.45 USD

2013-07-26 price ITOT                             200.11 USD

2013-07-26 price VEA                              216.68 USD

2013-07-26 price VHT                               58.27 USD

2013-07-26 price GLD                              114.66 USD

2013-08-02 price VBMPX                            174.92 USD

2013-08-02 price RGAGX                             46.58 USD

2013-08-02 price ITOT                             203.36 USD

2013-08-02 price VEA                              217.39 USD

2013-08-02 price VHT                               57.92 USD

2013-08-02 price GLD                              113.51 USD

2013-08-09 price VBMPX                            178.78 USD

2013-08-09 price RGAGX                             47.23 USD

2013-08-09 price ITOT                             201.90 USD

2013-08-09 price VEA                              223.18 USD

2013-08-09 price VHT                               56.50 USD

2013-08-09 price GLD                              110.33 USD

2013-08-16 price VBMPX                            183.15 USD

2013-08-16 price RGAGX                             46.93 USD

2013-08-16 price ITOT                             203.24 USD

2013-08-16 price VEA                              223.15 USD

2013-08-16 price VHT                               55.57 USD

2013-08-16 price GLD                              109.23 USD

2013-08-23 price VBMPX                            183.88 USD

2013-08-23 price RGAGX                             47.27 USD

2013-08-23 price ITOT                             203.37 USD

2013-08-23 price VEA                              225.36 USD

2013-08-23 price VHT                               53.99 USD

2013-08-23 price GLD                              111.36 USD

2013-08-30 price VBMPX                            179.58 USD

2013-08-30 price RGAGX                             47.42 USD

2013-08-30 price ITOT                             205.36 USD

2013-08-30 price VEA                              224.09 USD

2013-08-30 price VHT                               55.19 USD

2013-08-30 price GLD                              111.98 USD

2013-09-06 price VBMPX                            179.40 USD

2013-09-06 price RGAGX                             47.80 USD

2013-09-06 price ITOT                             205.20 USD

2013-09-06 price VEA                              221.31 USD

2013-09-06 price VHT                               55.47 USD

2013-09-06 price GLD                              111.11 USD

2013-09-13 price VBMPX                            174.29 USD

2013-09-13 price RGAGX                             47.63 USD

2013-09-13 price ITOT                             205.86 USD

2013-09-13 price VEA                              224.10 USD

2013-09-13 price VHT                               58.11 USD

2013-09-13 price GLD                              110.98 USD

2013-09-20 price VBMPX                            176.55 USD

2013-09-20 price RGAGX                             46.66 USD

2013-09-20 price ITOT                             209.03 USD

2013-09-20 price VEA                              222.26 USD

2013-09-20 price VHT                               56.85 USD

2013-09-20 price GLD                              108.50 USD

2013-09-27 price VBMPX                            180.62 USD

2013-09-27 price RGAGX                             46.68 USD

2013-09-27 price ITOT                             209.01 USD

2013-09-27 price VEA                              227.01 USD

2013-09-27 price VHT                               56.50 USD

2013-09-27 price GLD                              107.46 USD

2013-10-04 price VBMPX                            183.32 USD

2013-10-04 price RGAGX                             46.01 USD

2013-10-04 price ITOT                             208.09 USD

2013-10-04 price VEA                              229.96 USD

2013-10-04 price VHT                               54.93 USD

2013-10-04 price GLD                              105.90 USD

2013-10-11 price VBMPX                            182.88 USD

2013-10-11 price RGAGX                             46.52 USD

2013-10-11 price ITOT                             210.15 USD

2013-10-11 price VEA                              233.25 USD

2013-10-11 price VHT                               55.97 USD

2013-10-11 price GLD                              104.82 USD

2013-10-18 price VBMPX                            185.42 USD

2013-10-18 price RGAGX                             46.08 USD

2013-10-18 price ITOT                             212.43 USD

2013-10-18 price VEA                              230.41 USD

2013-10-18 price VHT                               57.36 USD

2013-10-18 price GLD                              108.35 USD

2013-10-25 price VBMPX                            182.22 USD

2013-10-25 price RGAGX                             45.41 USD

2013-10-25 price ITOT                             212.15 USD

2013-10-25 price VEA                              227.04 USD

2013-10-25 price VHT                               59.90 USD

2013-10-25 price GLD                              108.03 USD

2013-11-01 price VBMPX                            192.10 USD

2013-11-01 price RGAGX                             44.51 USD

2013-11-01 price ITOT                             210.05 USD

2013-11-01 price VEA                              228.62 USD

2013-11-01 price VHT                               59.34 USD

2013-11-01 price GLD                              108.66 USD

2013-11-08 price VBMPX                            192.93 USD

2013-11-08 price RGAGX                             44.48 USD

2013-11-08 price ITOT                             212.86 USD

2013-11-08 price VEA                              224.50 USD

2013-11-08 price VHT                               58.35 USD

2013-11-08 price GLD                              107.10 USD

2013-11-15 price VBMPX                            190.64 USD

2013-11-15 price RGAGX                             44.09 USD

2013-11-15 price ITOT                             211.52 USD

2013-11-15 price VEA                              220.01 USD

2013-11-15 price VHT                               58.61 USD

2013-11-15 price GLD                              109.86 USD

2013-11-22 price VBMPX                            191.85 USD

2013-11-22 price RGAGX                             44.01 USD

2013-11-22 price ITOT                             209.97 USD

2013-11-22 price VEA                              223.65 USD

2013-11-22 price VHT                               57.68 USD

2013-11-22 price GLD                              112.22 USD

2013-11-29 price VBMPX                            189.48 USD

2013-11-29 price RGAGX                             43.98 USD

2013-11-29 price ITOT                             209.91 USD

2013-11-29 price VEA                              221.67 USD

2013-11-29 price VHT                               59.02 USD

2013-11-29 price GLD                              114.18 USD

2013-12-06 price VBMPX                            188.10 USD

2013-12-06 price RGAGX                             45.10 USD

2013-12-06 price ITOT                             211.18 USD

2013-12-06 price VEA                              228.19 USD

2013-12-06 price VHT                               57.71 USD

2013-12-06 price GLD                              113.22 USD

2013-12-13 price VBMPX                            187.93 USD

2013-12-13 price RGAGX                             45.20 USD

2013-12-13 price ITOT                             208.60 USD

2013-12-13 price VEA                              225.57 USD

2013-12-13 price VHT                               58.22 USD

2013-12-13 price GLD                              115.10 USD

2013-12-20 price VBMPX                            184.82 USD

2013-12-20 price RGAGX                             45.78 USD

2013-12-20 price ITOT                             207.44 USD

2013-12-20 price VEA                              230.45 USD

2013-12-20 price VHT                               57.27 USD

2013-12-20 price GLD                              115.03 USD

2013-12-27 price VBMPX                            181.15 USD

2013-12-27 price RGAGX                             46.46 USD

2013-12-27 price ITOT                             205.78 USD

2013-12-27 price VEA                              228.80 USD

2013-12-27 price VHT                               57.35 USD

2013-12-27 price GLD                              115.39 USD

2014-01-03 price VBMPX                            184.64 USD

2014-01-03 price RGAGX                             46.35 USD

2014-01-03 price ITOT                             207.06 USD

2014-01-03 price VEA                              229.30 USD

2014-01-03 price VHT                               58.62 USD

2014-01-03 price GLD                              113.55 USD

2014-01-10 price VBMPX                            182.96 USD

2014-01-10 price RGAGX                             46.72 USD

2014-01-10 price ITOT                             208.00 USD

2014-01-10 price VEA                              232.81 USD

2014-01-10 price VHT                               60.66 USD

2014-01-10 price GLD                              112.58 USD

2014-01-17 price VBMPX                            182.74 USD

2014-01-17 price RGAGX                             47.27 USD

2014-01-17 price ITOT                             208.29 USD

2014-01-17 price VEA                              227.68 USD

2014-01-17 price VHT                               59.49 USD

2014-01-17 price GLD                              112.02 USD

2014-01-24 price VBMPX                            185.33 USD

2014-01-24 price RGAGX                             47.28 USD

2014-01-24 price ITOT                             207.17 USD

2014-01-24 price VEA                              227.25 USD

2014-01-24 price VHT                               59.13 USD

2014-01-24 price GLD                              112.94 USD

2014-01-31 price VBMPX                            181.86 USD

2014-01-31 price RGAGX                             47.03 USD

2014-01-31 price ITOT                             209.66 USD

2014-01-31 price VEA                              229.07 USD

2014-01-31 price VHT                               59.14 USD

2014-01-31 price GLD                              115.26 USD

2014-02-07 price VBMPX                            184.14 USD

2014-02-07 price RGAGX                             45.71 USD

2014-02-07 price ITOT                             210.53 USD

2014-02-07 price VEA                              226.63 USD

2014-02-07 price VHT                               59.52 USD

2014-02-07 price GLD                              113.79 USD

2014-02-14 price VBMPX                            190.12 USD

2014-02-14 price RGAGX                             45.31 USD

2014-02-14 price ITOT                             211.48 USD

2014-02-14 price VEA                              227.86 USD

2014-02-14 price VHT                               61.80 USD

2014-02-14 price GLD                              118.51 USD

2014-02-21 price VBMPX                            180.27 USD

2014-02-21 price RGAGX                             44.48 USD

2014-02-21 price ITOT                             210.93 USD

2014-02-21 price VEA                              229.58 USD

2014-02-21 price VHT                               62.81 USD

2014-02-21 price GLD                              121.25 USD

2014-02-28 price VBMPX                            184.48 USD

2014-02-28 price RGAGX                             44.57 USD

2014-02-28 price ITOT                             210.93 USD

2014-02-28 price VEA                              231.28 USD

2014-02-28 price VHT                               62.45 USD

2014-02-28 price GLD                              118.10 USD

2014-03-07 price VBMPX                            184.11 USD

2014-03-07 price RGAGX                             43.91 USD

2014-03-07 price ITOT                             213.02 USD

2014-03-07 price VEA                              230.36 USD

2014-03-07 price VHT                               62.50 USD

2014-03-07 price GLD                              119.32 USD

2014-03-14 price VBMPX                            183.66 USD

2014-03-14 price RGAGX                             44.61 USD

2014-03-14 price ITOT                             213.30 USD

2014-03-14 price VEA                              231.57 USD

2014-03-14 price VHT                               62.39 USD

2014-03-14 price GLD                              118.78 USD

2014-03-21 price VBMPX                            178.16 USD

2014-03-21 price RGAGX                             44.29 USD

2014-03-21 price ITOT                             211.10 USD

2014-03-21 price VEA                              233.15 USD

2014-03-21 price VHT                               62.41 USD

2014-03-21 price GLD                              118.10 USD

2014-03-28 price VBMPX                            176.75 USD

2014-03-28 price RGAGX                             44.18 USD

2014-03-28 price ITOT                             211.77 USD

2014-03-28 price VEA                              235.72 USD

2014-03-28 price VHT                               60.81 USD

2014-03-28 price GLD                              118.16 USD

2014-04-04 price VBMPX                            179.46 USD

2014-04-04 price RGAGX                             44.59 USD

2014-04-04 price ITOT                             210.11 USD

2014-04-04 price VEA                              238.43 USD

2014-04-04 price VHT                               59.40 USD

2014-04-04 price GLD                              118.63 USD

2014-04-11 price VBMPX                            184.04 USD

2014-04-11 price RGAGX                             45.05 USD

2014-04-11 price ITOT                             210.82 USD

2014-04-11 price VEA                              240.80 USD

2014-04-11 price VHT                               57.64 USD

2014-04-11 price GLD                              116.54 USD

2014-04-18 price VBMPX                            180.59 USD

2014-04-18 price RGAGX                             44.50 USD

2014-04-18 price ITOT                             208.70 USD

2014-04-18 price VEA                              236.79 USD

2014-04-18 price VHT                               57.89 USD

2014-04-18 price GLD                              116.24 USD

2014-04-25 price VBMPX                            178.85 USD

2014-04-25 price RGAGX                             44.13 USD

2014-04-25 price ITOT                             209.34 USD

2014-04-25 price VEA                              238.84 USD

2014-04-25 price VHT                               57.29 USD

2014-04-25 price GLD                              115.51 USD

2014-05-02 price VBMPX                            184.68 USD

2014-05-02 price RGAGX                             43.92 USD

2014-05-02 price ITOT                             212.84 USD

2014-05-02 price VEA                              243.63 USD

2014-05-02 price VHT                               59.62 USD

2014-05-02 price GLD                              114.73 USD

2014-05-09 price VBMPX                            185.78 USD

2014-05-09 price RGAGX                             44.01 USD

2014-05-09 price ITOT                             213.13 USD

2014-05-09 price VEA                              245.05 USD

2014-05-09 price VHT                               60.53 USD

2014-05-09 price GLD                              114.34 USD

2014-05-16 price VBMPX                            187.16 USD

2014-05-16 price RGAGX                             44.27 USD

2014-05-16 price ITOT                             211.72 USD

2014-05-16 price VEA                              246.29 USD

2014-05-16 price VHT                               61.05 USD

2014-05-16 price GLD                              115.66 USD

2014-05-23 price VBMPX                            183.80 USD

2014-05-23 price RGAGX                             44.63 USD

2014-05-23 price ITOT                             209.44 USD

2014-05-23 price VEA                              245.09 USD

2014-05-23 price VHT                               61.80 USD

2014-05-23 price GLD                              111.55 USD

2014-05-30 price VBMPX                            183.10 USD

2014-05-30 price RGAGX                             44.64 USD

2014-05-30 price ITOT                             211.67 USD

2014-05-30 price VEA                              248.96 USD

2014-05-30 price VHT                               61.28 USD

2014-05-30 price GLD                              115.46 USD

2014-06-06 price VBMPX                            187.00 USD

2014-06-06 price RGAGX                             43.85 USD

2014-06-06 price ITOT                             216.10 USD

2014-06-06 price VEA                              247.48 USD

2014-06-06 price VHT                               60.15 USD

2014-06-06 price GLD                              114.07 USD

2014-06-13 price VBMPX                            188.87 USD

2014-06-13 price RGAGX                             44.14 USD

2014-06-13 price ITOT                             217.96 USD

2014-06-13 price VEA                              250.42 USD

2014-06-13 price VHT                               58.78 USD

2014-06-13 price GLD                              112.43 USD

2014-06-20 price VBMPX                            191.67 USD

2014-06-20 price RGAGX                             44.99 USD

2014-06-20 price ITOT                             219.36 USD

2014-06-20 price VEA                              251.99 USD

2014-06-20 price VHT                               58.65 USD

2014-06-20 price GLD                              111.86 USD

2014-06-27 price VBMPX                            195.09 USD

2014-06-27 price RGAGX                             44.74 USD

2014-06-27 price ITOT                             218.34 USD

2014-06-27 price VEA                              245.91 USD

2014-06-27 price VHT                               56.96 USD

2014-06-27 price GLD                              111.69 USD

2014-07-04 price VBMPX                            198.07 USD

2014-07-04 price RGAGX                             44.88 USD

2014-07-04 price ITOT                             220.65 USD

2014-07-04 price VEA                              248.78 USD

2014-07-04 price VHT                               58.59 USD

2014-07-04 price GLD                              111.63 USD

2014-07-11 price VBMPX                            198.45 USD

2014-07-11 price RGAGX                             45.36 USD

2014-07-11 price ITOT                             218.37 USD

2014-07-11 price VEA                              247.84 USD

2014-07-11 price VHT                               56.91 USD

2014-07-11 price GLD                              111.30 USD

2014-07-18 price VBMPX                            198.47 USD

2014-07-18 price RGAGX                             46.01 USD

2014-07-18 price ITOT                             218.70 USD

2014-07-18 price VEA                              255.63 USD

2014-07-18 price VHT                               58.84 USD

2014-07-18 price GLD                              109.16 USD

2014-07-25 price VBMPX                            200.77 USD

2014-07-25 price RGAGX                             45.83 USD

2014-07-25 price ITOT                             220.31 USD

2014-07-25 price VEA                              250.69 USD

2014-07-25 price VHT                               60.45 USD

2014-07-25 price GLD                              113.78 USD

2014-08-01 price VBMPX                            191.43 USD

2014-08-01 price RGAGX                             45.90 USD

2014-08-01 price ITOT                             218.80 USD

2014-08-01 price VEA                              251.83 USD

2014-08-01 price VHT                               61.55 USD

2014-08-01 price GLD                              112.66 USD

2014-08-08 price VBMPX                            188.50 USD

2014-08-08 price RGAGX                             46.12 USD

2014-08-08 price ITOT                             221.31 USD

2014-08-08 price VEA                              259.22 USD

2014-08-08 price VHT                               60.01 USD

2014-08-08 price GLD                              111.14 USD

2014-08-15 price VBMPX                            186.22 USD

2014-08-15 price RGAGX                             47.33 USD

2014-08-15 price ITOT                             225.52 USD

2014-08-15 price VEA                              263.96 USD

2014-08-15 price VHT                               60.84 USD

2014-08-15 price GLD                              112.93 USD

2014-08-22 price VBMPX                            183.23 USD

2014-08-22 price RGAGX                             46.80 USD

2014-08-22 price ITOT                             227.89 USD

2014-08-22 price VEA                              261.26 USD

2014-08-22 price VHT                               62.60 USD

2014-08-22 price GLD                              115.10 USD

2014-08-29 price VBMPX                            188.93 USD

2014-08-29 price RGAGX                             47.19 USD

2014-08-29 price ITOT                             229.49 USD

2014-08-29 price VEA                              261.76 USD

2014-08-29 price VHT                               64.95 USD

2014-08-29 price GLD                              116.15 USD

2014-09-05 price VBMPX                            187.01 USD

2014-09-05 price RGAGX                             46.69 USD

2014-09-05 price ITOT                             227.61 USD

2014-09-05 price VEA                              262.17 USD

2014-09-05 price VHT                               65.43 USD

2014-09-05 price GLD                              116.02 USD

2014-09-12 price VBMPX                            185.82 USD

2014-09-12 price RGAGX                             46.45 USD

2014-09-12 price ITOT                             227.39 USD

2014-09-12 price VEA                              262.19 USD

2014-09-12 price VHT                               67.91 USD

2014-09-12 price GLD                              116.39 USD

2014-09-19 price VBMPX                            184.88 USD

2014-09-19 price RGAGX                             46.25 USD

2014-09-19 price ITOT                             230.50 USD

2014-09-19 price VEA                              259.89 USD

2014-09-19 price VHT                               66.18 USD

2014-09-19 price GLD                              115.17 USD

2014-09-26 price VBMPX                            182.83 USD

2014-09-26 price RGAGX                             46.06 USD

2014-09-26 price ITOT                             230.93 USD

2014-09-26 price VEA                              268.63 USD

2014-09-26 price VHT                               66.16 USD

2014-09-26 price GLD                              115.70 USD

2014-10-03 price VBMPX                            183.38 USD

2014-10-03 price RGAGX                             45.31 USD

2014-10-03 price ITOT                             230.22 USD

2014-10-03 price VEA                              273.86 USD

2014-10-03 price VHT                               65.80 USD

2014-10-03 price GLD                              116.82 USD

2014-10-10 price VBMPX                            178.61 USD

2014-10-10 price RGAGX                             45.97 USD

2014-10-10 price ITOT                             228.00 USD

2014-10-10 price VEA                              276.77 USD

2014-10-10 price VHT                               66.12 USD

2014-10-10 price GLD                              114.86 USD

2014-10-17 price VBMPX                            179.30 USD

2014-10-17 price RGAGX                             45.85 USD

2014-10-17 price ITOT                             226.71 USD

2014-10-17 price VEA                              273.67 USD

2014-10-17 price VHT                               67.22 USD

2014-10-17 price GLD                              115.99 USD

2014-10-24 price VBMPX                            178.08 USD

2014-10-24 price RGAGX                             45.38 USD

2014-10-24 price ITOT                             229.65 USD

2014-10-24 price VEA                              275.31 USD

2014-10-24 price VHT                               69.28 USD

2014-10-24 price GLD                              115.17 USD

2014-10-31 price VBMPX                            178.30 USD

2014-10-31 price RGAGX                             45.46 USD

2014-10-31 price ITOT                             229.66 USD

2014-10-31 price VEA                              274.46 USD

2014-10-31 price VHT                               69.49 USD

2014-10-31 price GLD                              113.92 USD

2014-11-07 price VBMPX                            183.48 USD

2014-11-07 price RGAGX                             45.70 USD

2014-11-07 price ITOT                             229.50 USD

2014-11-07 price VEA                              273.33 USD

2014-11-07 price VHT                               70.85 USD

2014-11-07 price GLD                              120.32 USD

* Cash

