;; -*- mode: org; mode: beancount; -*-
;; Birth: 1980-05-12
;; Dates: 2012-01-01 - 2014-11-29
;; THIS FILE HAS BEEN AUTO-GENERATED.
* Options

option "title" "Example Beancount file"
option "operating_currency" "USD"

* Equity Accounts

1980-05-12 open Equity:Opening-Balances                         
1980-05-12 open Liabilities:AccountsPayable                     
* Banking

2012-01-01 open Assets:US:BofA:Checking                        USD

2012-01-01 * "Opening Balance for checking account"
  Assets:US:BofA:Checking                         2958.42 USD
  Equity:Opening-Balances                        -2958.42 USD

2012-01-02 balance Assets:US:BofA:Checking        2958.42 USD

2012-01-04 * "BANK FEES" | "Monthly bank fee"
  Assets:US:BofA:Checking                           -4.00 USD
  Expenses:Financial:Fees                            4.00 USD

2012-01-06 * "RiverBank Properties" | "Paying the rent"
  Assets:US:BofA:Checking                        -2400.00 USD
  Expenses:Home:Rent                              2400.00 USD

2012-01-09 * "EDISON POWER" | ""
  Assets:US:BofA:Checking                          -65.00 USD
  Expenses:Home:Electricity                         65.00 USD

2012-01-22 * "Wine-Tarner Cable" | ""
  Assets:US:BofA:Checking                          -79.98 USD
  Expenses:Home:Internet                            79.98 USD

2012-01-29 balance Assets:US:BofA:Checking        2925.29 USD

2012-02-04 * "BANK FEES" | "Monthly bank fee"
  Assets:US:BofA:Checking                           -4.00 USD
  Expenses:Financial:Fees                            4.00 USD

2012-02-05 * "RiverBank Properties" | "Paying the rent"
  Assets:US:BofA:Checking                        -2400.00 USD
  Expenses:Home:Rent                              2400.00 USD

2012-02-08 * "EDISON POWER" | ""
  Assets:US:BofA:Checking                          -65.00 USD
  Expenses:Home:Electricity                         65.00 USD

2012-02-20 balance Assets:US:BofA:Checking        2684.92 USD

2012-02-22 * "Wine-Tarner Cable" | ""
  Assets:US:BofA:Checking                          -79.85 USD
  Expenses:Home:Internet                            79.85 USD

2012-03-04 * "BANK FEES" | "Monthly bank fee"
  Assets:US:BofA:Checking                           -4.00 USD
  Expenses:Financial:Fees                            4.00 USD

2012-03-04 * "RiverBank Properties" | "Paying the rent"
  Assets:US:BofA:Checking                        -2400.00 USD
  Expenses:Home:Rent                              2400.00 USD

2012-03-08 * "EDISON POWER" | ""
  Assets:US:BofA:Checking                          -65.00 USD
  Expenses:Home:Electricity                         65.00 USD

2012-03-18 balance Assets:US:BofA:Checking        2019.51 USD

2012-03-22 * "Wine-Tarner Cable" | ""
  Assets:US:BofA:Checking                          -79.97 USD
  Expenses:Home:Internet                            79.97 USD

2012-04-03 * "RiverBank Properties" | "Paying the rent"
  Assets:US:BofA:Checking                        -2400.00 USD
  Expenses:Home:Rent                              2400.00 USD

2012-04-04 * "BANK FEES" | "Monthly bank fee"
  Assets:US:BofA:Checking                           -4.00 USD
  Expenses:Financial:Fees                            4.00 USD

2012-04-08 balance Assets:US:BofA:Checking         886.14 USD

2012-04-08 * "EDISON POWER" | ""
  Assets:US:BofA:Checking                          -65.00 USD
  Expenses:Home:Electricity                         65.00 USD

2012-04-22 * "Wine-Tarner Cable" | ""
  Assets:US:BofA:Checking                          -80.00 USD
  Expenses:Home:Internet                            80.00 USD

2012-04-29 balance Assets:US:BofA:Checking        2849.79 USD

2012-05-04 * "BANK FEES" | "Monthly bank fee"
  Assets:US:BofA:Checking                           -4.00 USD
  Expenses:Financial:Fees                            4.00 USD

2012-05-04 * "RiverBank Properties" | "Paying the rent"
  Assets:US:BofA:Checking                        -2400.00 USD
  Expenses:Home:Rent                              2400.00 USD

2012-05-09 * "EDISON POWER" | ""
  Assets:US:BofA:Checking                          -65.00 USD
  Expenses:Home:Electricity                         65.00 USD

2012-05-22 * "Wine-Tarner Cable" | ""
  Assets:US:BofA:Checking                          -80.19 USD
  Expenses:Home:Internet                            80.19 USD

2012-05-28 balance Assets:US:BofA:Checking        2404.00 USD

2012-06-04 * "BANK FEES" | "Monthly bank fee"
  Assets:US:BofA:Checking                           -4.00 USD
  Expenses:Financial:Fees                            4.00 USD

2012-06-05 * "RiverBank Properties" | "Paying the rent"
  Assets:US:BofA:Checking                        -2400.00 USD
  Expenses:Home:Rent                              2400.00 USD

2012-06-09 * "EDISON POWER" | ""
  Assets:US:BofA:Checking                          -65.00 USD
  Expenses:Home:Electricity                         65.00 USD

2012-06-17 balance Assets:US:BofA:Checking         834.59 USD

2012-06-22 * "Wine-Tarner Cable" | ""
  Assets:US:BofA:Checking                          -79.93 USD
  Expenses:Home:Internet                            79.93 USD

2012-07-04 * "BANK FEES" | "Monthly bank fee"
  Assets:US:BofA:Checking                           -4.00 USD
  Expenses:Financial:Fees                            4.00 USD

2012-07-06 * "RiverBank Properties" | "Paying the rent"
  Assets:US:BofA:Checking                        -2400.00 USD
  Expenses:Home:Rent                              2400.00 USD

2012-07-09 * "EDISON POWER" | ""
  Assets:US:BofA:Checking                          -65.00 USD
  Expenses:Home:Electricity                         65.00 USD

2012-07-13 balance Assets:US:BofA:Checking         319.05 USD

2012-07-22 * "Wine-Tarner Cable" | ""
  Assets:US:BofA:Checking                          -79.86 USD
  Expenses:Home:Internet                            79.86 USD

2012-08-04 * "BANK FEES" | "Monthly bank fee"
  Assets:US:BofA:Checking                           -4.00 USD
  Expenses:Financial:Fees                            4.00 USD

2012-08-04 * "RiverBank Properties" | "Paying the rent"
  Assets:US:BofA:Checking                        -2400.00 USD
  Expenses:Home:Rent                              2400.00 USD

2012-08-05 balance Assets:US:BofA:Checking        2736.39 USD

2012-08-08 * "EDISON POWER" | ""
  Assets:US:BofA:Checking                          -65.00 USD
  Expenses:Home:Electricity                         65.00 USD

2012-08-17 * "Transfering accumulated savings to other account"
  Assets:US:BofA:Checking                           -3500 USD
  Assets:US:ETrade:Cash                              3500 USD

2012-08-23 * "Wine-Tarner Cable" | ""
  Assets:US:BofA:Checking                          -80.17 USD
  Expenses:Home:Internet                            80.17 USD

2012-08-28 balance Assets:US:BofA:Checking        1245.74 USD

2012-09-04 * "BANK FEES" | "Monthly bank fee"
  Assets:US:BofA:Checking                           -4.00 USD
  Expenses:Financial:Fees                            4.00 USD

2012-09-05 * "RiverBank Properties" | "Paying the rent"
  Assets:US:BofA:Checking                        -2400.00 USD
  Expenses:Home:Rent                              2400.00 USD

2012-09-09 * "EDISON POWER" | ""
  Assets:US:BofA:Checking                          -65.00 USD
  Expenses:Home:Electricity                         65.00 USD

2012-09-20 balance Assets:US:BofA:Checking        3190.37 USD

2012-09-21 * "Wine-Tarner Cable" | ""
  Assets:US:BofA:Checking                          -79.98 USD
  Expenses:Home:Internet                            79.98 USD

2012-10-03 * "RiverBank Properties" | "Paying the rent"
  Assets:US:BofA:Checking                        -2400.00 USD
  Expenses:Home:Rent                              2400.00 USD

2012-10-04 * "BANK FEES" | "Monthly bank fee"
  Assets:US:BofA:Checking                           -4.00 USD
  Expenses:Financial:Fees                            4.00 USD

2012-10-09 * "EDISON POWER" | ""
  Assets:US:BofA:Checking                          -65.00 USD
  Expenses:Home:Electricity                         65.00 USD

2012-10-10 balance Assets:US:BofA:Checking        3191.99 USD

2012-10-12 * "Transfering accumulated savings to other account"
  Assets:US:BofA:Checking                           -4000 USD
  Assets:US:ETrade:Cash                              4000 USD

2012-10-22 * "Wine-Tarner Cable" | ""
  Assets:US:BofA:Checking                          -80.02 USD
  Expenses:Home:Internet                            80.02 USD

2012-10-31 balance Assets:US:BofA:Checking        3500.12 USD

2012-11-04 * "BANK FEES" | "Monthly bank fee"
  Assets:US:BofA:Checking                           -4.00 USD
  Expenses:Financial:Fees                            4.00 USD

2012-11-05 * "RiverBank Properties" | "Paying the rent"
  Assets:US:BofA:Checking                        -2400.00 USD
  Expenses:Home:Rent                              2400.00 USD

2012-11-08 * "EDISON POWER" | ""
  Assets:US:BofA:Checking                          -65.00 USD
  Expenses:Home:Electricity                         65.00 USD

2012-11-21 balance Assets:US:BofA:Checking        3034.95 USD

2012-11-21 * "Wine-Tarner Cable" | ""
  Assets:US:BofA:Checking                          -79.97 USD
  Expenses:Home:Internet                            79.97 USD

2012-12-03 * "RiverBank Properties" | "Paying the rent"
  Assets:US:BofA:Checking                        -2400.00 USD
  Expenses:Home:Rent                              2400.00 USD

2012-12-04 * "BANK FEES" | "Monthly bank fee"
  Assets:US:BofA:Checking                           -4.00 USD
  Expenses:Financial:Fees                            4.00 USD

2012-12-07 * "Transfering accumulated savings to other account"
  Assets:US:BofA:Checking                           -4500 USD
  Assets:US:ETrade:Cash                              4500 USD

2012-12-09 * "EDISON POWER" | ""
  Assets:US:BofA:Checking                          -65.00 USD
  Expenses:Home:Electricity                         65.00 USD

2012-12-21 balance Assets:US:BofA:Checking        3192.96 USD

2012-12-23 * "Wine-Tarner Cable" | ""
  Assets:US:BofA:Checking                          -79.83 USD
  Expenses:Home:Internet                            79.83 USD

2013-01-04 * "BANK FEES" | "Monthly bank fee"
  Assets:US:BofA:Checking                           -4.00 USD
  Expenses:Financial:Fees                            4.00 USD

2013-01-04 * "RiverBank Properties" | "Paying the rent"
  Assets:US:BofA:Checking                        -2400.00 USD
  Expenses:Home:Rent                              2400.00 USD

2013-01-08 * "EDISON POWER" | ""
  Assets:US:BofA:Checking                          -65.00 USD
  Expenses:Home:Electricity                         65.00 USD

2013-01-13 balance Assets:US:BofA:Checking        1442.46 USD

2013-01-23 * "Wine-Tarner Cable" | ""
  Assets:US:BofA:Checking                          -79.90 USD
  Expenses:Home:Internet                            79.90 USD

2013-02-04 * "BANK FEES" | "Monthly bank fee"
  Assets:US:BofA:Checking                           -4.00 USD
  Expenses:Financial:Fees                            4.00 USD

2013-02-06 * "RiverBank Properties" | "Paying the rent"
  Assets:US:BofA:Checking                        -2400.00 USD
  Expenses:Home:Rent                              2400.00 USD

2013-02-09 * "EDISON POWER" | ""
  Assets:US:BofA:Checking                          -65.00 USD
  Expenses:Home:Electricity                         65.00 USD

2013-02-12 balance Assets:US:BofA:Checking         898.15 USD

2013-02-22 * "Wine-Tarner Cable" | ""
  Assets:US:BofA:Checking                          -80.10 USD
  Expenses:Home:Internet                            80.10 USD

2013-03-04 * "BANK FEES" | "Monthly bank fee"
  Assets:US:BofA:Checking                           -4.00 USD
  Expenses:Financial:Fees                            4.00 USD

2013-03-05 * "RiverBank Properties" | "Paying the rent"
  Assets:US:BofA:Checking                        -2400.00 USD
  Expenses:Home:Rent                              2400.00 USD

2013-03-07 balance Assets:US:BofA:Checking        1115.25 USD

2013-03-09 * "EDISON POWER" | ""
  Assets:US:BofA:Checking                          -65.00 USD
  Expenses:Home:Electricity                         65.00 USD

2013-03-21 * "Wine-Tarner Cable" | ""
  Assets:US:BofA:Checking                          -79.87 USD
  Expenses:Home:Internet                            79.87 USD

2013-04-03 balance Assets:US:BofA:Checking        4168.96 USD

2013-04-04 * "BANK FEES" | "Monthly bank fee"
  Assets:US:BofA:Checking                           -4.00 USD
  Expenses:Financial:Fees                            4.00 USD

2013-04-04 * "RiverBank Properties" | "Paying the rent"
  Assets:US:BofA:Checking                        -2400.00 USD
  Expenses:Home:Rent                              2400.00 USD

2013-04-08 * "EDISON POWER" | ""
  Assets:US:BofA:Checking                          -65.00 USD
  Expenses:Home:Electricity                         65.00 USD

2013-04-22 * "Wine-Tarner Cable" | ""
  Assets:US:BofA:Checking                          -80.01 USD
  Expenses:Home:Internet                            80.01 USD

2013-04-28 balance Assets:US:BofA:Checking        3694.97 USD

2013-05-04 * "BANK FEES" | "Monthly bank fee"
  Assets:US:BofA:Checking                           -4.00 USD
  Expenses:Financial:Fees                            4.00 USD

2013-05-06 * "RiverBank Properties" | "Paying the rent"
  Assets:US:BofA:Checking                        -2400.00 USD
  Expenses:Home:Rent                              2400.00 USD

2013-05-09 * "EDISON POWER" | ""
  Assets:US:BofA:Checking                          -65.00 USD
  Expenses:Home:Electricity                         65.00 USD

2013-05-23 * "Wine-Tarner Cable" | ""
  Assets:US:BofA:Checking                          -79.95 USD
  Expenses:Home:Internet                            79.95 USD

2013-05-26 balance Assets:US:BofA:Checking        3385.41 USD

2013-06-04 * "BANK FEES" | "Monthly bank fee"
  Assets:US:BofA:Checking                           -4.00 USD
  Expenses:Financial:Fees                            4.00 USD

2013-06-04 * "RiverBank Properties" | "Paying the rent"
  Assets:US:BofA:Checking                        -2400.00 USD
  Expenses:Home:Rent                              2400.00 USD

2013-06-08 * "EDISON POWER" | ""
  Assets:US:BofA:Checking                          -65.00 USD
  Expenses:Home:Electricity                         65.00 USD

2013-06-20 balance Assets:US:BofA:Checking        1671.11 USD

2013-06-23 * "Wine-Tarner Cable" | ""
  Assets:US:BofA:Checking                          -79.99 USD
  Expenses:Home:Internet                            79.99 USD

2013-07-04 * "BANK FEES" | "Monthly bank fee"
  Assets:US:BofA:Checking                           -4.00 USD
  Expenses:Financial:Fees                            4.00 USD

2013-07-05 * "RiverBank Properties" | "Paying the rent"
  Assets:US:BofA:Checking                        -2400.00 USD
  Expenses:Home:Rent                              2400.00 USD

2013-07-09 * "EDISON POWER" | ""
  Assets:US:BofA:Checking                          -65.00 USD
  Expenses:Home:Electricity                         65.00 USD

2013-07-15 balance Assets:US:BofA:Checking        1047.78 USD

2013-07-22 * "Wine-Tarner Cable" | ""
  Assets:US:BofA:Checking                          -80.18 USD
  Expenses:Home:Internet                            80.18 USD

2013-08-04 * "BANK FEES" | "Monthly bank fee"
  Assets:US:BofA:Checking                           -4.00 USD
  Expenses:Financial:Fees                            4.00 USD

2013-08-04 * "RiverBank Properties" | "Paying the rent"
  Assets:US:BofA:Checking                        -2400.00 USD
  Expenses:Home:Rent                              2400.00 USD

2013-08-08 * "EDISON POWER" | ""
  Assets:US:BofA:Checking                          -65.00 USD
  Expenses:Home:Electricity                         65.00 USD

2013-08-14 balance Assets:US:BofA:Checking        2136.97 USD

2013-08-16 * "Transfering accumulated savings to other account"
  Assets:US:BofA:Checking                           -3500 USD
  Assets:US:ETrade:Cash                              3500 USD

2013-08-23 * "Wine-Tarner Cable" | ""
  Assets:US:BofA:Checking                          -80.02 USD
  Expenses:Home:Internet                            80.02 USD

2013-09-04 * "BANK FEES" | "Monthly bank fee"
  Assets:US:BofA:Checking                           -4.00 USD
  Expenses:Financial:Fees                            4.00 USD

2013-09-06 * "RiverBank Properties" | "Paying the rent"
  Assets:US:BofA:Checking                        -2400.00 USD
  Expenses:Home:Rent                              2400.00 USD

2013-09-08 * "EDISON POWER" | ""
  Assets:US:BofA:Checking                          -65.00 USD
  Expenses:Home:Electricity                         65.00 USD

2013-09-12 balance Assets:US:BofA:Checking         604.64 USD

2013-09-22 * "Wine-Tarner Cable" | ""
  Assets:US:BofA:Checking                          -80.14 USD
  Expenses:Home:Internet                            80.14 USD

2013-10-02 balance Assets:US:BofA:Checking        5625.70 USD

2013-10-04 * "BANK FEES" | "Monthly bank fee"
  Assets:US:BofA:Checking                           -4.00 USD
  Expenses:Financial:Fees                            4.00 USD

2013-10-04 * "RiverBank Properties" | "Paying the rent"
  Assets:US:BofA:Checking                        -2400.00 USD
  Expenses:Home:Rent                              2400.00 USD

2013-10-09 * "EDISON POWER" | ""
  Assets:US:BofA:Checking                          -65.00 USD
  Expenses:Home:Electricity                         65.00 USD

2013-10-11 * "Transfering accumulated savings to other account"
  Assets:US:BofA:Checking                           -4500 USD
  Assets:US:ETrade:Cash                              4500 USD

2013-10-22 * "Wine-Tarner Cable" | ""
  Assets:US:BofA:Checking                          -79.92 USD
  Expenses:Home:Internet                            79.92 USD

2013-10-28 balance Assets:US:BofA:Checking        3132.64 USD

2013-11-04 * "BANK FEES" | "Monthly bank fee"
  Assets:US:BofA:Checking                           -4.00 USD
  Expenses:Financial:Fees                            4.00 USD

2013-11-05 * "RiverBank Properties" | "Paying the rent"
  Assets:US:BofA:Checking                        -2400.00 USD
  Expenses:Home:Rent                              2400.00 USD

2013-11-08 * "EDISON POWER" | ""
  Assets:US:BofA:Checking                          -65.00 USD
  Expenses:Home:Electricity                         65.00 USD

2013-11-21 * "Wine-Tarner Cable" | ""
  Assets:US:BofA:Checking                          -80.14 USD
  Expenses:Home:Internet                            80.14 USD

2013-11-22 * "Transfering accumulated savings to other account"
  Assets:US:BofA:Checking                           -4000 USD
  Assets:US:ETrade:Cash                              4000 USD

2013-11-23 balance Assets:US:BofA:Checking        1149.50 USD

2013-12-04 * "BANK FEES" | "Monthly bank fee"
  Assets:US:BofA:Checking                           -4.00 USD
  Expenses:Financial:Fees                            4.00 USD

2013-12-05 * "RiverBank Properties" | "Paying the rent"
  Assets:US:BofA:Checking                        -2400.00 USD
  Expenses:Home:Rent                              2400.00 USD

2013-12-09 * "EDISON POWER" | ""
  Assets:US:BofA:Checking                          -65.00 USD
  Expenses:Home:Electricity                         65.00 USD

2013-12-19 balance Assets:US:BofA:Checking         584.46 USD

2013-12-23 * "Wine-Tarner Cable" | ""
  Assets:US:BofA:Checking                          -80.07 USD
  Expenses:Home:Internet                            80.07 USD

2014-01-04 * "BANK FEES" | "Monthly bank fee"
  Assets:US:BofA:Checking                           -4.00 USD
  Expenses:Financial:Fees                            4.00 USD

2014-01-06 * "RiverBank Properties" | "Paying the rent"
  Assets:US:BofA:Checking                        -2400.00 USD
  Expenses:Home:Rent                              2400.00 USD

2014-01-09 * "EDISON POWER" | ""
  Assets:US:BofA:Checking                          -65.00 USD
  Expenses:Home:Electricity                         65.00 USD

2014-01-17 balance Assets:US:BofA:Checking        2938.08 USD

2014-01-21 * "Wine-Tarner Cable" | ""
  Assets:US:BofA:Checking                          -80.03 USD
  Expenses:Home:Internet                            80.03 USD

2014-02-04 * "BANK FEES" | "Monthly bank fee"
  Assets:US:BofA:Checking                           -4.00 USD
  Expenses:Financial:Fees                            4.00 USD

2014-02-04 * "RiverBank Properties" | "Paying the rent"
  Assets:US:BofA:Checking                        -2400.00 USD
  Expenses:Home:Rent                              2400.00 USD

2014-02-09 * "EDISON POWER" | ""
  Assets:US:BofA:Checking                          -65.00 USD
  Expenses:Home:Electricity                         65.00 USD

2014-02-13 balance Assets:US:BofA:Checking        1123.88 USD

2014-02-21 * "Wine-Tarner Cable" | ""
  Assets:US:BofA:Checking                          -79.97 USD
  Expenses:Home:Internet                            79.97 USD

2014-03-03 * "RiverBank Properties" | "Paying the rent"
  Assets:US:BofA:Checking                        -2400.00 USD
  Expenses:Home:Rent                              2400.00 USD

2014-03-04 * "BANK FEES" | "Monthly bank fee"
  Assets:US:BofA:Checking                           -4.00 USD
  Expenses:Financial:Fees                            4.00 USD

2014-03-08 * "EDISON POWER" | ""
  Assets:US:BofA:Checking                          -65.00 USD
  Expenses:Home:Electricity                         65.00 USD

2014-03-11 balance Assets:US:BofA:Checking         395.70 USD

2014-03-21 * "Wine-Tarner Cable" | ""
  Assets:US:BofA:Checking                          -80.12 USD
  Expenses:Home:Internet                            80.12 USD

2014-04-04 * "BANK FEES" | "Monthly bank fee"
  Assets:US:BofA:Checking                           -4.00 USD
  Expenses:Financial:Fees                            4.00 USD

2014-04-04 * "RiverBank Properties" | "Paying the rent"
  Assets:US:BofA:Checking                        -2400.00 USD
  Expenses:Home:Rent                              2400.00 USD

2014-04-05 balance Assets:US:BofA:Checking        1398.37 USD

2014-04-09 * "EDISON POWER" | ""
  Assets:US:BofA:Checking                          -65.00 USD
  Expenses:Home:Electricity                         65.00 USD

2014-04-22 * "Wine-Tarner Cable" | ""
  Assets:US:BofA:Checking                          -80.01 USD
  Expenses:Home:Internet                            80.01 USD

2014-04-27 balance Assets:US:BofA:Checking        3273.50 USD

2014-05-03 * "RiverBank Properties" | "Paying the rent"
  Assets:US:BofA:Checking                        -2400.00 USD
  Expenses:Home:Rent                              2400.00 USD

2014-05-04 * "BANK FEES" | "Monthly bank fee"
  Assets:US:BofA:Checking                           -4.00 USD
  Expenses:Financial:Fees                            4.00 USD

2014-05-09 * "EDISON POWER" | ""
  Assets:US:BofA:Checking                          -65.00 USD
  Expenses:Home:Electricity                         65.00 USD

2014-05-17 balance Assets:US:BofA:Checking        1550.26 USD

2014-05-23 * "Wine-Tarner Cable" | ""
  Assets:US:BofA:Checking                          -80.10 USD
  Expenses:Home:Internet                            80.10 USD

2014-06-03 * "RiverBank Properties" | "Paying the rent"
  Assets:US:BofA:Checking                        -2400.00 USD
  Expenses:Home:Rent                              2400.00 USD

2014-06-04 * "BANK FEES" | "Monthly bank fee"
  Assets:US:BofA:Checking                           -4.00 USD
  Expenses:Financial:Fees                            4.00 USD

2014-06-08 * "EDISON POWER" | ""
  Assets:US:BofA:Checking                          -65.00 USD
  Expenses:Home:Electricity                         65.00 USD

2014-06-09 balance Assets:US:BofA:Checking        1702.36 USD

2014-06-23 * "Wine-Tarner Cable" | ""
  Assets:US:BofA:Checking                          -80.09 USD
  Expenses:Home:Internet                            80.09 USD

2014-07-02 balance Assets:US:BofA:Checking        2336.57 USD

2014-07-03 * "RiverBank Properties" | "Paying the rent"
  Assets:US:BofA:Checking                        -2400.00 USD
  Expenses:Home:Rent                              2400.00 USD

2014-07-04 * "BANK FEES" | "Monthly bank fee"
  Assets:US:BofA:Checking                           -4.00 USD
  Expenses:Financial:Fees                            4.00 USD

2014-07-08 * "EDISON POWER" | ""
  Assets:US:BofA:Checking                          -65.00 USD
  Expenses:Home:Electricity                         65.00 USD

2014-07-23 * "Wine-Tarner Cable" | ""
  Assets:US:BofA:Checking                          -80.12 USD
  Expenses:Home:Internet                            80.12 USD

2014-07-28 balance Assets:US:BofA:Checking        2209.83 USD

2014-08-03 * "RiverBank Properties" | "Paying the rent"
  Assets:US:BofA:Checking                        -2400.00 USD
  Expenses:Home:Rent                              2400.00 USD

2014-08-04 * "BANK FEES" | "Monthly bank fee"
  Assets:US:BofA:Checking                           -4.00 USD
  Expenses:Financial:Fees                            4.00 USD

2014-08-09 * "EDISON POWER" | ""
  Assets:US:BofA:Checking                          -65.00 USD
  Expenses:Home:Electricity                         65.00 USD

2014-08-15 * "Transfering accumulated savings to other account"
  Assets:US:BofA:Checking                           -3000 USD
  Assets:US:ETrade:Cash                              3000 USD

2014-08-22 * "Wine-Tarner Cable" | ""
  Assets:US:BofA:Checking                          -80.02 USD
  Expenses:Home:Internet                            80.02 USD

2014-08-23 balance Assets:US:BofA:Checking        1155.37 USD

2014-09-03 * "RiverBank Properties" | "Paying the rent"
  Assets:US:BofA:Checking                        -2400.00 USD
  Expenses:Home:Rent                              2400.00 USD

2014-09-04 * "BANK FEES" | "Monthly bank fee"
  Assets:US:BofA:Checking                           -4.00 USD
  Expenses:Financial:Fees                            4.00 USD

2014-09-09 * "EDISON POWER" | ""
  Assets:US:BofA:Checking                          -65.00 USD
  Expenses:Home:Electricity                         65.00 USD

2014-09-14 balance Assets:US:BofA:Checking        2961.85 USD

2014-09-21 * "Wine-Tarner Cable" | ""
  Assets:US:BofA:Checking                          -79.89 USD
  Expenses:Home:Internet                            79.89 USD

2014-10-04 * "BANK FEES" | "Monthly bank fee"
  Assets:US:BofA:Checking                           -4.00 USD
  Expenses:Financial:Fees                            4.00 USD

2014-10-05 * "RiverBank Properties" | "Paying the rent"
  Assets:US:BofA:Checking                        -2400.00 USD
  Expenses:Home:Rent                              2400.00 USD

2014-10-09 * "EDISON POWER" | ""
  Assets:US:BofA:Checking                          -65.00 USD
  Expenses:Home:Electricity                         65.00 USD

2014-10-10 * "Transfering accumulated savings to other account"
  Assets:US:BofA:Checking                           -4500 USD
  Assets:US:ETrade:Cash                              4500 USD

2014-10-11 balance Assets:US:BofA:Checking         665.07 USD

2014-10-22 * "Wine-Tarner Cable" | ""
  Assets:US:BofA:Checking                          -79.94 USD
  Expenses:Home:Internet                            79.94 USD

2014-11-04 balance Assets:US:BofA:Checking        3135.73 USD

2014-11-04 * "BANK FEES" | "Monthly bank fee"
  Assets:US:BofA:Checking                           -4.00 USD
  Expenses:Financial:Fees                            4.00 USD

2014-11-07 * "Transfering accumulated savings to other account"
  Assets:US:BofA:Checking                           -5000 USD
  Assets:US:ETrade:Cash                              5000 USD

2014-11-21 * "Transfering accumulated savings to other account"
  Assets:US:BofA:Checking                           -3000 USD
  Assets:US:ETrade:Cash                              3000 USD
* Credit-Cards

1980-05-12 open Liabilities:US:Chase:Slate                      USD

2012-01-02 * "Goba Goba" | "Eating out with Bill"
  Liabilities:US:Chase:Slate                       -31.02 USD
  Expenses:Food:Restaurant                          31.02 USD

2012-01-04 * "Uncle Boons" | "Eating out after work"
  Liabilities:US:Chase:Slate                       -25.33 USD
  Expenses:Food:Restaurant                          25.33 USD

2012-01-08 * "Rose Flower" | "Eating out alone"
  Liabilities:US:Chase:Slate                       -67.88 USD
  Expenses:Food:Restaurant                          67.88 USD

2012-01-09 * "Jewel of Morroco" | "Eating out with Bill"
  Liabilities:US:Chase:Slate                       -35.28 USD
  Expenses:Food:Restaurant                          35.28 USD

2012-01-11 * "Chase:Slate" | "Paying off credit card"
  Liabilities:US:Chase:Slate                       185.35 USD
  Assets:US:BofA:Checking                         -185.35 USD

2012-01-14 * "Kin Soy" | "Eating out "
  Liabilities:US:Chase:Slate                       -25.84 USD
  Expenses:Food:Restaurant                          25.84 USD

2012-01-17 * "Jewel of Morroco" | "Eating out with Joe"
  Liabilities:US:Chase:Slate                       -36.73 USD
  Expenses:Food:Restaurant                          36.73 USD

2012-01-17 * "Good Moods Market" | "Buying groceries"
  Liabilities:US:Chase:Slate                       -49.29 USD
  Expenses:Food:Groceries                           49.29 USD

2012-01-21 * "Cafe Modagor" | "Eating out with Bill"
  Liabilities:US:Chase:Slate                       -28.11 USD
  Expenses:Food:Restaurant                          28.11 USD

2012-01-22 * "Chichipotle" | "Eating out alone"
  Liabilities:US:Chase:Slate                       -21.12 USD
  Expenses:Food:Restaurant                          21.12 USD

2012-01-24 * "Chichipotle" | "Eating out after work"
  Liabilities:US:Chase:Slate                       -41.63 USD
  Expenses:Food:Restaurant                          41.63 USD

2012-01-29 * "Cafe Modagor" | "Eating out "
  Liabilities:US:Chase:Slate                       -18.89 USD
  Expenses:Food:Restaurant                          18.89 USD

2012-01-31 balance Liabilities:US:Chase:Slate     -195.77 USD

2012-01-31 * "Chichipotle" | "Eating out with Joe"
  Liabilities:US:Chase:Slate                       -12.94 USD
  Expenses:Food:Restaurant                          12.94 USD

2012-02-02 * "Uncle Boons" | "Eating out with Bill"
  Liabilities:US:Chase:Slate                       -16.37 USD
  Expenses:Food:Restaurant                          16.37 USD

2012-02-02 * "Corner Deli" | "Buying groceries"
  Liabilities:US:Chase:Slate                       -55.18 USD
  Expenses:Food:Groceries                           55.18 USD

2012-02-03 * "Metro Transport Authority" | "Tram tickets"
  Liabilities:US:Chase:Slate                      -120.00 USD
  Expenses:Transport:Tram                          120.00 USD

2012-02-06 * "Kin Soy" | "Eating out alone"
  Liabilities:US:Chase:Slate                       -39.36 USD
  Expenses:Food:Restaurant                          39.36 USD

2012-02-07 * "Chase:Slate" | "Paying off credit card"
  Liabilities:US:Chase:Slate                       472.57 USD
  Assets:US:BofA:Checking                         -472.57 USD

2012-02-09 * "Rose Flower" | "Eating out with Joe"
  Liabilities:US:Chase:Slate                       -32.95 USD
  Expenses:Food:Restaurant                          32.95 USD

2012-02-09 * "Onion Market" | "Buying groceries"
  Liabilities:US:Chase:Slate                       -73.20 USD
  Expenses:Food:Groceries                           73.20 USD

2012-02-12 * "Chichipotle" | "Eating out with Natasha"
  Liabilities:US:Chase:Slate                       -15.73 USD
  Expenses:Food:Restaurant                          15.73 USD

2012-02-15 * "Cafe Modagor" | "Eating out with Joe"
  Liabilities:US:Chase:Slate                       -13.61 USD
  Expenses:Food:Restaurant                          13.61 USD

2012-02-16 * "Cafe Modagor" | "Eating out with Julie"
  Liabilities:US:Chase:Slate                       -40.20 USD
  Expenses:Food:Restaurant                          40.20 USD

2012-02-17 * "Good Moods Market" | "Buying groceries"
  Liabilities:US:Chase:Slate                       -55.43 USD
  Expenses:Food:Groceries                           55.43 USD

2012-02-18 * "Kin Soy" | "Eating out with Natasha"
  Liabilities:US:Chase:Slate                       -25.19 USD
  Expenses:Food:Restaurant                          25.19 USD

2012-02-22 * "Uncle Boons" | "Eating out "
  Liabilities:US:Chase:Slate                       -60.08 USD
  Expenses:Food:Restaurant                          60.08 USD

2012-02-22 * "Good Moods Market" | "Buying groceries"
  Liabilities:US:Chase:Slate                      -111.78 USD
  Expenses:Food:Groceries                          111.78 USD

2012-02-25 * "Cafe Modagor" | "Eating out alone"
  Liabilities:US:Chase:Slate                       -31.70 USD
  Expenses:Food:Restaurant                          31.70 USD

2012-02-29 * "China Garden" | "Eating out "
  Liabilities:US:Chase:Slate                       -32.29 USD
  Expenses:Food:Restaurant                          32.29 USD

2012-03-01 balance Liabilities:US:Chase:Slate     -459.21 USD

2012-03-03 * "Metro Transport Authority" | "Tram tickets"
  Liabilities:US:Chase:Slate                      -120.00 USD
  Expenses:Transport:Tram                          120.00 USD

2012-03-04 * "China Garden" | "Eating out "
  Liabilities:US:Chase:Slate                       -20.44 USD
  Expenses:Food:Restaurant                          20.44 USD

2012-03-05 * "Rose Flower" | "Eating out with Julie"
  Liabilities:US:Chase:Slate                       -28.67 USD
  Expenses:Food:Restaurant                          28.67 USD

2012-03-06 * "Cafe Modagor" | "Eating out with Natasha"
  Liabilities:US:Chase:Slate                       -25.43 USD
  Expenses:Food:Restaurant                          25.43 USD

2012-03-07 * "Onion Market" | "Buying groceries"
  Liabilities:US:Chase:Slate                       -74.78 USD
  Expenses:Food:Groceries                           74.78 USD

2012-03-10 * "Goba Goba" | "Eating out with work buddies"
  Liabilities:US:Chase:Slate                       -71.20 USD
  Expenses:Food:Restaurant                          71.20 USD

2012-03-11 * "Chase:Slate" | "Paying off credit card"
  Liabilities:US:Chase:Slate                       817.76 USD
  Assets:US:BofA:Checking                         -817.76 USD

2012-03-12 * "Jewel of Morroco" | "Eating out with Bill"
  Liabilities:US:Chase:Slate                       -18.03 USD
  Expenses:Food:Restaurant                          18.03 USD

2012-03-15 * "Goba Goba" | "Eating out "
  Liabilities:US:Chase:Slate                       -17.66 USD
  Expenses:Food:Restaurant                          17.66 USD

2012-03-17 * "Chichipotle" | "Eating out after work"
  Liabilities:US:Chase:Slate                       -30.58 USD
  Expenses:Food:Restaurant                          30.58 USD

2012-03-17 * "Onion Market" | "Buying groceries"
  Liabilities:US:Chase:Slate                       -73.02 USD
  Expenses:Food:Groceries                           73.02 USD

2012-03-21 * "Kin Soy" | "Eating out "
  Liabilities:US:Chase:Slate                       -27.16 USD
  Expenses:Food:Restaurant                          27.16 USD

2012-03-23 * "Rose Flower" | "Eating out with Julie"
  Liabilities:US:Chase:Slate                       -31.96 USD
  Expenses:Food:Restaurant                          31.96 USD

2012-03-24 * "Goba Goba" | "Eating out with Julie"
  Liabilities:US:Chase:Slate                       -45.00 USD
  Expenses:Food:Restaurant                          45.00 USD

2012-03-27 balance Liabilities:US:Chase:Slate     -225.38 USD

2012-03-29 * "Uncle Boons" | "Eating out after work"
  Liabilities:US:Chase:Slate                       -25.71 USD
  Expenses:Food:Restaurant                          25.71 USD

2012-03-30 * "Metro Transport Authority" | "Tram tickets"
  Liabilities:US:Chase:Slate                      -120.00 USD
  Expenses:Transport:Tram                          120.00 USD

2012-04-02 * "Jewel of Morroco" | "Eating out "
  Liabilities:US:Chase:Slate                       -27.73 USD
  Expenses:Food:Restaurant                          27.73 USD

2012-04-06 * "Uncle Boons" | "Eating out with Joe"
  Liabilities:US:Chase:Slate                       -21.67 USD
  Expenses:Food:Restaurant                          21.67 USD

2012-04-06 * "Corner Deli" | "Buying groceries"
  Liabilities:US:Chase:Slate                       -97.47 USD
  Expenses:Food:Groceries                           97.47 USD

2012-04-07 * "Rose Flower" | "Eating out with Bill"
  Liabilities:US:Chase:Slate                       -18.59 USD
  Expenses:Food:Restaurant                          18.59 USD

2012-04-08 * "Jewel of Morroco" | "Eating out with Julie"
  Liabilities:US:Chase:Slate                       -56.00 USD
  Expenses:Food:Restaurant                          56.00 USD

2012-04-08 * "Chase:Slate" | "Paying off credit card"
  Liabilities:US:Chase:Slate                       592.55 USD
  Assets:US:BofA:Checking                         -592.55 USD

2012-04-12 * "Cafe Modagor" | "Eating out after work"
  Liabilities:US:Chase:Slate                       -17.39 USD
  Expenses:Food:Restaurant                          17.39 USD

2012-04-15 * "Rose Flower" | "Eating out with Joe"
  Liabilities:US:Chase:Slate                       -37.93 USD
  Expenses:Food:Restaurant                          37.93 USD

2012-04-17 * "China Garden" | "Eating out with Julie"
  Liabilities:US:Chase:Slate                       -26.73 USD
  Expenses:Food:Restaurant                          26.73 USD

2012-04-19 * "Uncle Boons" | "Eating out alone"
  Liabilities:US:Chase:Slate                       -15.84 USD
  Expenses:Food:Restaurant                          15.84 USD

2012-04-21 balance Liabilities:US:Chase:Slate      -97.89 USD

2012-04-22 * "Rose Flower" | "Eating out with work buddies"
  Liabilities:US:Chase:Slate                       -27.22 USD
  Expenses:Food:Restaurant                          27.22 USD

2012-04-23 * "Corner Deli" | "Buying groceries"
  Liabilities:US:Chase:Slate                       -69.51 USD
  Expenses:Food:Groceries                           69.51 USD

2012-04-27 * "Rose Flower" | "Eating out alone"
  Liabilities:US:Chase:Slate                       -17.28 USD
  Expenses:Food:Restaurant                          17.28 USD

2012-04-30 * "Metro Transport Authority" | "Tram tickets"
  Liabilities:US:Chase:Slate                      -120.00 USD
  Expenses:Transport:Tram                          120.00 USD

2012-05-01 * "Kin Soy" | "Eating out with Natasha"
  Liabilities:US:Chase:Slate                       -29.08 USD
  Expenses:Food:Restaurant                          29.08 USD

2012-05-03 * "Cafe Modagor" | "Eating out alone"
  Liabilities:US:Chase:Slate                       -14.31 USD
  Expenses:Food:Restaurant                          14.31 USD

2012-05-05 * "Good Moods Market" | "Buying groceries"
  Liabilities:US:Chase:Slate                      -114.09 USD
  Expenses:Food:Groceries                          114.09 USD

2012-05-08 * "Goba Goba" | "Eating out with Julie"
  Liabilities:US:Chase:Slate                       -84.76 USD
  Expenses:Food:Restaurant                          84.76 USD

2012-05-11 * "Chase:Slate" | "Paying off credit card"
  Liabilities:US:Chase:Slate                       597.80 USD
  Assets:US:BofA:Checking                         -597.80 USD

2012-05-12 * "Cafe Modagor" | "Eating out with work buddies"
  Liabilities:US:Chase:Slate                       -23.66 USD
  Expenses:Food:Restaurant                          23.66 USD

2012-05-15 balance Liabilities:US:Chase:Slate           0 USD

2012-05-17 * "Chichipotle" | "Eating out "
  Liabilities:US:Chase:Slate                       -31.09 USD
  Expenses:Food:Restaurant                          31.09 USD

2012-05-22 * "Cafe Modagor" | "Eating out with Natasha"
  Liabilities:US:Chase:Slate                       -34.11 USD
  Expenses:Food:Restaurant                          34.11 USD

2012-05-22 * "Onion Market" | "Buying groceries"
  Liabilities:US:Chase:Slate                      -107.33 USD
  Expenses:Food:Groceries                          107.33 USD

2012-05-24 * "Rose Flower" | "Eating out alone"
  Liabilities:US:Chase:Slate                       -37.22 USD
  Expenses:Food:Restaurant                          37.22 USD

2012-05-25 * "China Garden" | "Eating out with Julie"
  Liabilities:US:Chase:Slate                       -14.29 USD
  Expenses:Food:Restaurant                          14.29 USD

2012-05-30 * "Cafe Modagor" | "Eating out with work buddies"
  Liabilities:US:Chase:Slate                       -34.63 USD
  Expenses:Food:Restaurant                          34.63 USD

2012-06-01 * "Metro Transport Authority" | "Tram tickets"
  Liabilities:US:Chase:Slate                      -120.00 USD
  Expenses:Transport:Tram                          120.00 USD

2012-06-02 * "Goba Goba" | "Eating out with Bill"
  Liabilities:US:Chase:Slate                       -18.22 USD
  Expenses:Food:Restaurant                          18.22 USD

2012-06-03 * "Rose Flower" | "Eating out with Bill"
  Liabilities:US:Chase:Slate                       -31.70 USD
  Expenses:Food:Restaurant                          31.70 USD

2012-06-07 * "Goba Goba" | "Eating out with Julie"
  Liabilities:US:Chase:Slate                       -22.42 USD
  Expenses:Food:Restaurant                          22.42 USD

2012-06-07 * "Farmer Fresh" | "Buying groceries"
  Liabilities:US:Chase:Slate                       -54.63 USD
  Expenses:Food:Groceries                           54.63 USD

2012-06-07 * "Chase:Slate" | "Paying off credit card"
  Liabilities:US:Chase:Slate                       451.01 USD
  Assets:US:BofA:Checking                         -451.01 USD

2012-06-11 * "Kin Soy" | "Eating out with Bill"
  Liabilities:US:Chase:Slate                       -35.17 USD
  Expenses:Food:Restaurant                          35.17 USD

2012-06-13 * "Goba Goba" | "Eating out "
  Liabilities:US:Chase:Slate                       -39.68 USD
  Expenses:Food:Restaurant                          39.68 USD

2012-06-14 balance Liabilities:US:Chase:Slate     -129.48 USD

2012-06-14 * "China Garden" | "Eating out "
  Liabilities:US:Chase:Slate                       -32.59 USD
  Expenses:Food:Restaurant                          32.59 USD

2012-06-14 * "Good Moods Market" | "Buying groceries"
  Liabilities:US:Chase:Slate                       -83.21 USD
  Expenses:Food:Groceries                           83.21 USD

2012-06-18 * "Chichipotle" | "Eating out after work"
  Liabilities:US:Chase:Slate                       -31.42 USD
  Expenses:Food:Restaurant                          31.42 USD

2012-06-19 * "China Garden" | "Eating out with work buddies"
  Liabilities:US:Chase:Slate                       -19.65 USD
  Expenses:Food:Restaurant                          19.65 USD

2012-06-22 * "Farmer Fresh" | "Buying groceries"
  Liabilities:US:Chase:Slate                       -92.12 USD
  Expenses:Food:Groceries                           92.12 USD

2012-06-23 * "Kin Soy" | "Eating out after work"
  Liabilities:US:Chase:Slate                       -44.31 USD
  Expenses:Food:Restaurant                          44.31 USD

2012-06-27 * "Uncle Boons" | "Eating out after work"
  Liabilities:US:Chase:Slate                       -42.33 USD
  Expenses:Food:Restaurant                          42.33 USD

2012-06-29 * "Rose Flower" | "Eating out with Bill"
  Liabilities:US:Chase:Slate                       -24.30 USD
  Expenses:Food:Restaurant                          24.30 USD

2012-07-02 * "Rose Flower" | "Eating out after work"
  Liabilities:US:Chase:Slate                       -17.29 USD
  Expenses:Food:Restaurant                          17.29 USD

2012-07-02 * "Metro Transport Authority" | "Tram tickets"
  Liabilities:US:Chase:Slate                      -120.00 USD
  Expenses:Transport:Tram                          120.00 USD

2012-07-03 event "location" "Chicago"

2012-07-04 * "Eataly Chicago" | "" #trip-chicago-2012
  Liabilities:US:Chase:Slate                       -36.28 USD
  Expenses:Food:Restaurant                          36.28 USD

2012-07-04 * "Another Sports Pub" | "" #trip-chicago-2012
  Liabilities:US:Chase:Slate                       -10.69 USD
  Expenses:Food:Alcohol                             10.69 USD

2012-07-06 * "Star of Siam" | "" #trip-chicago-2012
  Liabilities:US:Chase:Slate                       -28.11 USD
  Expenses:Food:Restaurant                          28.11 USD

2012-07-06 * "Mercadito" | "" #trip-chicago-2012
  Liabilities:US:Chase:Slate                       -32.37 USD
  Expenses:Food:Restaurant                          32.37 USD

2012-07-06 * "25 Degrees Burger Bar" | "" #trip-chicago-2012
  Liabilities:US:Chase:Slate                       -20.26 USD
  Expenses:Food:Restaurant                          20.26 USD

2012-07-06 * "Another Sports Pub" | "" #trip-chicago-2012
  Liabilities:US:Chase:Slate                       -14.03 USD
  Expenses:Food:Alcohol                             14.03 USD

2012-07-07 * "Chase:Slate" | "Paying off credit card"
  Liabilities:US:Chase:Slate                       667.81 USD
  Assets:US:BofA:Checking                         -667.81 USD

2012-07-08 * "Argo Tea" | "" #trip-chicago-2012
  Liabilities:US:Chase:Slate                        -7.36 USD
  Expenses:Food:Coffee                               7.36 USD

2012-07-09 balance Liabilities:US:Chase:Slate     -117.99 USD

2012-07-10 * "Mercadito" | "" #trip-chicago-2012
  Liabilities:US:Chase:Slate                       -54.29 USD
  Expenses:Food:Restaurant                          54.29 USD

2012-07-10 * "25 Degrees Burger Bar" | "" #trip-chicago-2012
  Liabilities:US:Chase:Slate                       -25.47 USD
  Expenses:Food:Restaurant                          25.47 USD

2012-07-10 * "Argo Tea" | "" #trip-chicago-2012
  Liabilities:US:Chase:Slate                        -5.97 USD
  Expenses:Food:Coffee                               5.97 USD

2012-07-11 * "Star of Siam" | "" #trip-chicago-2012
  Liabilities:US:Chase:Slate                       -30.18 USD
  Expenses:Food:Restaurant                          30.18 USD

2012-07-12 * "Mercadito" | "" #trip-chicago-2012
  Liabilities:US:Chase:Slate                       -36.12 USD
  Expenses:Food:Restaurant                          36.12 USD

2012-07-12 * "25 Degrees Burger Bar" | "" #trip-chicago-2012
  Liabilities:US:Chase:Slate                       -21.44 USD
  Expenses:Food:Restaurant                          21.44 USD

2012-07-13 * "Eataly Chicago" | "" #trip-chicago-2012
  Liabilities:US:Chase:Slate                       -44.39 USD
  Expenses:Food:Restaurant                          44.39 USD

2012-07-13 * "Argo Tea" | "" #trip-chicago-2012
  Liabilities:US:Chase:Slate                        -6.30 USD
  Expenses:Food:Coffee                               6.30 USD

2012-07-14 * "Mercadito" | "" #trip-chicago-2012
  Liabilities:US:Chase:Slate                       -46.29 USD
  Expenses:Food:Restaurant                          46.29 USD

2012-07-14 * "25 Degrees Burger Bar" | "" #trip-chicago-2012
  Liabilities:US:Chase:Slate                       -19.79 USD
  Expenses:Food:Restaurant                          19.79 USD

2012-07-14 * "Eataly Chicago" | "" #trip-chicago-2012
  Liabilities:US:Chase:Slate                       -35.78 USD
  Expenses:Food:Restaurant                          35.78 USD

2012-07-14 * "Another Sports Pub" | "" #trip-chicago-2012
  Liabilities:US:Chase:Slate                        -7.56 USD
  Expenses:Food:Alcohol                              7.56 USD

2012-07-14 * "Argo Tea" | "" #trip-chicago-2012
  Liabilities:US:Chase:Slate                        -5.53 USD
  Expenses:Food:Coffee                               5.53 USD

2012-07-15 * "Mercadito" | "" #trip-chicago-2012
  Liabilities:US:Chase:Slate                       -35.14 USD
  Expenses:Food:Restaurant                          35.14 USD

2012-07-15 * "Argo Tea" | "" #trip-chicago-2012
  Liabilities:US:Chase:Slate                        -5.07 USD
  Expenses:Food:Coffee                               5.07 USD

2012-07-16 * "Another Sports Pub" | "" #trip-chicago-2012
  Liabilities:US:Chase:Slate                       -11.87 USD
  Expenses:Food:Alcohol                             11.87 USD

2012-07-17 * "25 Degrees Burger Bar" | "" #trip-chicago-2012
  Liabilities:US:Chase:Slate                       -23.76 USD
  Expenses:Food:Restaurant                          23.76 USD

2012-07-17 * "Eataly Chicago" | "" #trip-chicago-2012
  Liabilities:US:Chase:Slate                       -29.56 USD
  Expenses:Food:Restaurant                          29.56 USD

2012-07-17 * "Another Sports Pub" | "" #trip-chicago-2012
  Liabilities:US:Chase:Slate                       -13.76 USD
  Expenses:Food:Alcohol                             13.76 USD

2012-07-17 * "Argo Tea" | "" #trip-chicago-2012
  Liabilities:US:Chase:Slate                        -6.47 USD
  Expenses:Food:Coffee                               6.47 USD

2012-07-18 * "Star of Siam" | "" #trip-chicago-2012
  Liabilities:US:Chase:Slate                       -29.27 USD
  Expenses:Food:Restaurant                          29.27 USD

2012-07-19 * "Argo Tea" | "" #trip-chicago-2012
  Liabilities:US:Chase:Slate                        -5.37 USD
  Expenses:Food:Coffee                               5.37 USD

2012-07-19 event "location" "New Metropolis"

2012-07-20 * "Cafe Modagor" | "Eating out after work"
  Liabilities:US:Chase:Slate                       -31.11 USD
  Expenses:Food:Restaurant                          31.11 USD

2012-07-22 * "Goba Goba" | "Eating out with Natasha"
  Liabilities:US:Chase:Slate                       -38.77 USD
  Expenses:Food:Restaurant                          38.77 USD

2012-07-25 * "Farmer Fresh" | "Buying groceries"
  Liabilities:US:Chase:Slate                      -100.89 USD
  Expenses:Food:Groceries                          100.89 USD

2012-07-26 * "Chichipotle" | "Eating out with Bill"
  Liabilities:US:Chase:Slate                       -62.86 USD
  Expenses:Food:Restaurant                          62.86 USD

2012-07-30 * "Metro Transport Authority" | "Tram tickets"
  Liabilities:US:Chase:Slate                      -120.00 USD
  Expenses:Transport:Tram                          120.00 USD

2012-07-31 * "Rose Flower" | "Eating out with Joe"
  Liabilities:US:Chase:Slate                       -32.99 USD
  Expenses:Food:Restaurant                          32.99 USD

2012-08-04 * "Chichipotle" | "Eating out with Julie"
  Liabilities:US:Chase:Slate                       -20.04 USD
  Expenses:Food:Restaurant                          20.04 USD

2012-08-07 balance Liabilities:US:Chase:Slate    -1024.03 USD

2012-08-07 * "Chase:Slate" | "Paying off credit card"
  Liabilities:US:Chase:Slate                       396.08 USD
  Assets:US:BofA:Checking                         -396.08 USD

2012-08-09 * "China Garden" | "Eating out with work buddies"
  Liabilities:US:Chase:Slate                       -20.53 USD
  Expenses:Food:Restaurant                          20.53 USD

2012-08-10 * "Farmer Fresh" | "Buying groceries"
  Liabilities:US:Chase:Slate                       -81.54 USD
  Expenses:Food:Groceries                           81.54 USD

2012-08-13 * "Rose Flower" | "Eating out with work buddies"
  Liabilities:US:Chase:Slate                       -30.90 USD
  Expenses:Food:Restaurant                          30.90 USD

2012-08-14 * "China Garden" | "Eating out "
  Liabilities:US:Chase:Slate                       -26.87 USD
  Expenses:Food:Restaurant                          26.87 USD

2012-08-15 * "Kin Soy" | "Eating out after work"
  Liabilities:US:Chase:Slate                       -38.70 USD
  Expenses:Food:Restaurant                          38.70 USD

2012-08-19 * "Kin Soy" | "Eating out after work"
  Liabilities:US:Chase:Slate                       -18.82 USD
  Expenses:Food:Restaurant                          18.82 USD

2012-08-21 * "Rose Flower" | "Eating out with Bill"
  Liabilities:US:Chase:Slate                       -18.82 USD
  Expenses:Food:Restaurant                          18.82 USD

2012-08-24 * "Chichipotle" | "Eating out alone"
  Liabilities:US:Chase:Slate                       -23.27 USD
  Expenses:Food:Restaurant                          23.27 USD

2012-08-24 * "Farmer Fresh" | "Buying groceries"
  Liabilities:US:Chase:Slate                       -54.79 USD
  Expenses:Food:Groceries                           54.79 USD

2012-08-28 * "Metro Transport Authority" | "Tram tickets"
  Liabilities:US:Chase:Slate                      -120.00 USD
  Expenses:Transport:Tram                          120.00 USD

2012-08-29 * "Rose Flower" | "Eating out "
  Liabilities:US:Chase:Slate                       -28.31 USD
  Expenses:Food:Restaurant                          28.31 USD

2012-08-31 * "Kin Soy" | "Eating out with Natasha"
  Liabilities:US:Chase:Slate                       -42.10 USD
  Expenses:Food:Restaurant                          42.10 USD

2012-09-04 balance Liabilities:US:Chase:Slate    -1132.60 USD

2012-09-05 * "Goba Goba" | "Eating out with Natasha"
  Liabilities:US:Chase:Slate                       -45.68 USD
  Expenses:Food:Restaurant                          45.68 USD

2012-09-07 * "Jewel of Morroco" | "Eating out alone"
  Liabilities:US:Chase:Slate                       -77.57 USD
  Expenses:Food:Restaurant                          77.57 USD

2012-09-09 * "Good Moods Market" | "Buying groceries"
  Liabilities:US:Chase:Slate                       -80.20 USD
  Expenses:Food:Groceries                           80.20 USD

2012-09-09 * "Chase:Slate" | "Paying off credit card"
  Liabilities:US:Chase:Slate                       687.57 USD
  Assets:US:BofA:Checking                         -687.57 USD

2012-09-10 * "China Garden" | "Eating out after work"
  Liabilities:US:Chase:Slate                       -24.42 USD
  Expenses:Food:Restaurant                          24.42 USD

2012-09-12 * "Rose Flower" | "Eating out with Bill"
  Liabilities:US:Chase:Slate                       -38.58 USD
  Expenses:Food:Restaurant                          38.58 USD

2012-09-17 * "Jewel of Morroco" | "Eating out with Julie"
  Liabilities:US:Chase:Slate                       -25.81 USD
  Expenses:Food:Restaurant                          25.81 USD

2012-09-18 * "Chichipotle" | "Eating out with Joe"
  Liabilities:US:Chase:Slate                       -22.34 USD
  Expenses:Food:Restaurant                          22.34 USD

2012-09-20 * "Jewel of Morroco" | "Eating out with Natasha"
  Liabilities:US:Chase:Slate                       -32.04 USD
  Expenses:Food:Restaurant                          32.04 USD

2012-09-22 * "Good Moods Market" | "Buying groceries"
  Liabilities:US:Chase:Slate                      -113.81 USD
  Expenses:Food:Groceries                          113.81 USD

2012-09-25 balance Liabilities:US:Chase:Slate     -905.48 USD

2012-09-25 * "Cafe Modagor" | "Eating out with Julie"
  Liabilities:US:Chase:Slate                       -26.06 USD
  Expenses:Food:Restaurant                          26.06 USD

2012-09-25 * "Metro Transport Authority" | "Tram tickets"
  Liabilities:US:Chase:Slate                      -120.00 USD
  Expenses:Transport:Tram                          120.00 USD

2012-09-27 * "Jewel of Morroco" | "Eating out with work buddies"
  Liabilities:US:Chase:Slate                       -28.70 USD
  Expenses:Food:Restaurant                          28.70 USD

2012-09-30 * "China Garden" | "Eating out with Natasha"
  Liabilities:US:Chase:Slate                       -25.05 USD
  Expenses:Food:Restaurant                          25.05 USD

2012-10-02 * "Good Moods Market" | "Buying groceries"
  Liabilities:US:Chase:Slate                       -57.01 USD
  Expenses:Food:Groceries                           57.01 USD

2012-10-03 * "Jewel of Morroco" | "Eating out alone"
  Liabilities:US:Chase:Slate                       -14.46 USD
  Expenses:Food:Restaurant                          14.46 USD

2012-10-04 * "Goba Goba" | "Eating out with work buddies"
  Liabilities:US:Chase:Slate                       -32.80 USD
  Expenses:Food:Restaurant                          32.80 USD

2012-10-07 * "Goba Goba" | "Eating out with Joe"
  Liabilities:US:Chase:Slate                       -43.52 USD
  Expenses:Food:Restaurant                          43.52 USD

2012-10-08 * "Cafe Modagor" | "Eating out with Julie"
  Liabilities:US:Chase:Slate                       -32.18 USD
  Expenses:Food:Restaurant                          32.18 USD

2012-10-09 * "Rose Flower" | "Eating out after work"
  Liabilities:US:Chase:Slate                       -37.59 USD
  Expenses:Food:Restaurant                          37.59 USD

2012-10-10 * "Chase:Slate" | "Paying off credit card"
  Liabilities:US:Chase:Slate                       713.05 USD
  Assets:US:BofA:Checking                         -713.05 USD

2012-10-13 * "Goba Goba" | "Eating out alone"
  Liabilities:US:Chase:Slate                       -38.68 USD
  Expenses:Food:Restaurant                          38.68 USD

2012-10-15 * "Corner Deli" | "Buying groceries"
  Liabilities:US:Chase:Slate                       -97.95 USD
  Expenses:Food:Groceries                           97.95 USD

2012-10-16 * "Chichipotle" | "Eating out with Joe"
  Liabilities:US:Chase:Slate                       -30.29 USD
  Expenses:Food:Restaurant                          30.29 USD

2012-10-21 * "Jewel of Morroco" | "Eating out with Bill"
  Liabilities:US:Chase:Slate                       -14.70 USD
  Expenses:Food:Restaurant                          14.70 USD

2012-10-24 * "Kin Soy" | "Eating out with work buddies"
  Liabilities:US:Chase:Slate                       -21.07 USD
  Expenses:Food:Restaurant                          21.07 USD

2012-10-25 balance Liabilities:US:Chase:Slate     -812.49 USD

2012-10-26 * "Metro Transport Authority" | "Tram tickets"
  Liabilities:US:Chase:Slate                      -120.00 USD
  Expenses:Transport:Tram                          120.00 USD

2012-10-27 * "Chichipotle" | "Eating out with Bill"
  Liabilities:US:Chase:Slate                       -36.16 USD
  Expenses:Food:Restaurant                          36.16 USD

2012-10-30 * "Farmer Fresh" | "Buying groceries"
  Liabilities:US:Chase:Slate                       -55.39 USD
  Expenses:Food:Groceries                           55.39 USD

2012-10-31 * "Goba Goba" | "Eating out with Joe"
  Liabilities:US:Chase:Slate                       -31.17 USD
  Expenses:Food:Restaurant                          31.17 USD

2012-11-03 * "Chichipotle" | "Eating out with Bill"
  Liabilities:US:Chase:Slate                       -36.28 USD
  Expenses:Food:Restaurant                          36.28 USD

2012-11-06 * "Cafe Modagor" | "Eating out with Natasha"
  Liabilities:US:Chase:Slate                       -16.43 USD
  Expenses:Food:Restaurant                          16.43 USD

2012-11-07 * "Chase:Slate" | "Paying off credit card"
  Liabilities:US:Chase:Slate                       546.77 USD
  Assets:US:BofA:Checking                         -546.77 USD

2012-11-08 * "Onion Market" | "Buying groceries"
  Liabilities:US:Chase:Slate                       -87.33 USD
  Expenses:Food:Groceries                           87.33 USD

2012-11-10 * "Jewel of Morroco" | "Eating out after work"
  Liabilities:US:Chase:Slate                       -35.70 USD
  Expenses:Food:Restaurant                          35.70 USD

2012-11-11 * "Kin Soy" | "Eating out with Joe"
  Liabilities:US:Chase:Slate                       -23.31 USD
  Expenses:Food:Restaurant                          23.31 USD

2012-11-15 * "Rose Flower" | "Eating out with Bill"
  Liabilities:US:Chase:Slate                       -41.97 USD
  Expenses:Food:Restaurant                          41.97 USD

2012-11-17 balance Liabilities:US:Chase:Slate     -749.46 USD

2012-11-18 * "Uncle Boons" | "Eating out with work buddies"
  Liabilities:US:Chase:Slate                       -26.76 USD
  Expenses:Food:Restaurant                          26.76 USD

2012-11-20 * "Corner Deli" | "Buying groceries"
  Liabilities:US:Chase:Slate                       -71.63 USD
  Expenses:Food:Groceries                           71.63 USD

2012-11-23 * "Rose Flower" | "Eating out "
  Liabilities:US:Chase:Slate                       -46.79 USD
  Expenses:Food:Restaurant                          46.79 USD

2012-11-26 * "Cafe Modagor" | "Eating out with Natasha"
  Liabilities:US:Chase:Slate                       -21.11 USD
  Expenses:Food:Restaurant                          21.11 USD

2012-11-26 * "Metro Transport Authority" | "Tram tickets"
  Liabilities:US:Chase:Slate                      -120.00 USD
  Expenses:Transport:Tram                          120.00 USD

2012-11-27 * "Rose Flower" | "Eating out after work"
  Liabilities:US:Chase:Slate                       -26.45 USD
  Expenses:Food:Restaurant                          26.45 USD

2012-12-01 * "Chichipotle" | "Eating out with Natasha"
  Liabilities:US:Chase:Slate                       -66.52 USD
  Expenses:Food:Restaurant                          66.52 USD

2012-12-02 * "Rose Flower" | "Eating out with Natasha"
  Liabilities:US:Chase:Slate                       -31.27 USD
  Expenses:Food:Restaurant                          31.27 USD

2012-12-03 * "Uncle Boons" | "Eating out with Joe"
  Liabilities:US:Chase:Slate                       -29.39 USD
  Expenses:Food:Restaurant                          29.39 USD

2012-12-04 * "Goba Goba" | "Eating out with Bill"
  Liabilities:US:Chase:Slate                       -27.10 USD
  Expenses:Food:Restaurant                          27.10 USD

2012-12-06 * "China Garden" | "Eating out with Joe"
  Liabilities:US:Chase:Slate                       -37.80 USD
  Expenses:Food:Restaurant                          37.80 USD

2012-12-07 * "Good Moods Market" | "Buying groceries"
  Liabilities:US:Chase:Slate                       -82.16 USD
  Expenses:Food:Groceries                           82.16 USD

2012-12-10 balance Liabilities:US:Chase:Slate    -1336.44 USD

2012-12-10 * "Uncle Boons" | "Eating out after work"
  Liabilities:US:Chase:Slate                       -27.37 USD
  Expenses:Food:Restaurant                          27.37 USD

2012-12-11 * "Chase:Slate" | "Paying off credit card"
  Liabilities:US:Chase:Slate                       764.82 USD
  Assets:US:BofA:Checking                         -764.82 USD

2012-12-12 * "Jewel of Morroco" | "Eating out "
  Liabilities:US:Chase:Slate                       -49.49 USD
  Expenses:Food:Restaurant                          49.49 USD

2012-12-15 * "Rose Flower" | "Eating out with Bill"
  Liabilities:US:Chase:Slate                       -40.65 USD
  Expenses:Food:Restaurant                          40.65 USD

2012-12-20 * "Goba Goba" | "Eating out with Joe"
  Liabilities:US:Chase:Slate                       -17.07 USD
  Expenses:Food:Restaurant                          17.07 USD

2012-12-21 * "Rose Flower" | "Eating out with Natasha"
  Liabilities:US:Chase:Slate                       -47.53 USD
  Expenses:Food:Restaurant                          47.53 USD

2012-12-24 * "Corner Deli" | "Buying groceries"
  Liabilities:US:Chase:Slate                       -86.26 USD
  Expenses:Food:Groceries                           86.26 USD

2012-12-26 * "Rose Flower" | "Eating out alone"
  Liabilities:US:Chase:Slate                       -42.56 USD
  Expenses:Food:Restaurant                          42.56 USD

2012-12-28 * "Metro Transport Authority" | "Tram tickets"
  Liabilities:US:Chase:Slate                      -120.00 USD
  Expenses:Transport:Tram                          120.00 USD

2012-12-30 * "Goba Goba" | "Eating out after work"
  Liabilities:US:Chase:Slate                       -34.89 USD
  Expenses:Food:Restaurant                          34.89 USD

2012-12-30 * "Corner Deli" | "Buying groceries"
  Liabilities:US:Chase:Slate                       -92.97 USD
  Expenses:Food:Groceries                           92.97 USD

2013-01-04 * "Jewel of Morroco" | "Eating out after work"
  Liabilities:US:Chase:Slate                       -21.60 USD
  Expenses:Food:Restaurant                          21.60 USD

2013-01-05 balance Liabilities:US:Chase:Slate    -1152.01 USD

2013-01-05 * "Jewel of Morroco" | "Eating out with Julie"
  Liabilities:US:Chase:Slate                       -27.57 USD
  Expenses:Food:Restaurant                          27.57 USD

2013-01-07 * "Chase:Slate" | "Paying off credit card"
  Liabilities:US:Chase:Slate                       552.27 USD
  Assets:US:BofA:Checking                         -552.27 USD

2013-01-09 * "Cafe Modagor" | "Eating out with work buddies"
  Liabilities:US:Chase:Slate                       -21.17 USD
  Expenses:Food:Restaurant                          21.17 USD

2013-01-12 * "Chichipotle" | "Eating out with Julie"
  Liabilities:US:Chase:Slate                       -45.95 USD
  Expenses:Food:Restaurant                          45.95 USD

2013-01-15 * "Cafe Modagor" | "Eating out with Joe"
  Liabilities:US:Chase:Slate                       -18.73 USD
  Expenses:Food:Restaurant                          18.73 USD

2013-01-17 * "Jewel of Morroco" | "Eating out with Natasha"
  Liabilities:US:Chase:Slate                       -19.65 USD
  Expenses:Food:Restaurant                          19.65 USD

2013-01-17 * "Onion Market" | "Buying groceries"
  Liabilities:US:Chase:Slate                       -90.72 USD
  Expenses:Food:Groceries                           90.72 USD

2013-01-21 * "Chichipotle" | "Eating out alone"
  Liabilities:US:Chase:Slate                       -32.71 USD
  Expenses:Food:Restaurant                          32.71 USD

2013-01-23 * "China Garden" | "Eating out with Bill"
  Liabilities:US:Chase:Slate                       -22.16 USD
  Expenses:Food:Restaurant                          22.16 USD

2013-01-26 * "Kin Soy" | "Eating out with work buddies"
  Liabilities:US:Chase:Slate                       -49.50 USD
  Expenses:Food:Restaurant                          49.50 USD

2013-01-27 * "Onion Market" | "Buying groceries"
  Liabilities:US:Chase:Slate                       -79.28 USD
  Expenses:Food:Groceries                           79.28 USD

2013-01-28 * "Rose Flower" | "Eating out with work buddies"
  Liabilities:US:Chase:Slate                       -37.76 USD
  Expenses:Food:Restaurant                          37.76 USD

2013-01-30 * "Metro Transport Authority" | "Tram tickets"
  Liabilities:US:Chase:Slate                      -120.00 USD
  Expenses:Transport:Tram                          120.00 USD

2013-01-31 balance Liabilities:US:Chase:Slate    -1164.94 USD

2013-02-02 * "Jewel of Morroco" | "Eating out with Julie"
  Liabilities:US:Chase:Slate                       -25.81 USD
  Expenses:Food:Restaurant                          25.81 USD

2013-02-05 * "Jewel of Morroco" | "Eating out "
  Liabilities:US:Chase:Slate                       -27.07 USD
  Expenses:Food:Restaurant                          27.07 USD

2013-02-06 * "Jewel of Morroco" | "Eating out with Bill"
  Liabilities:US:Chase:Slate                       -42.02 USD
  Expenses:Food:Restaurant                          42.02 USD

2013-02-08 * "Goba Goba" | "Eating out "
  Liabilities:US:Chase:Slate                       -22.47 USD
  Expenses:Food:Restaurant                          22.47 USD

2013-02-10 * "Chase:Slate" | "Paying off credit card"
  Liabilities:US:Chase:Slate                       696.61 USD
  Assets:US:BofA:Checking                         -696.61 USD

2013-02-11 * "China Garden" | "Eating out with Natasha"
  Liabilities:US:Chase:Slate                       -62.78 USD
  Expenses:Food:Restaurant                          62.78 USD

2013-02-14 * "Corner Deli" | "Buying groceries"
  Liabilities:US:Chase:Slate                       -58.34 USD
  Expenses:Food:Groceries                           58.34 USD

2013-02-15 * "China Garden" | "Eating out after work"
  Liabilities:US:Chase:Slate                       -38.82 USD
  Expenses:Food:Restaurant                          38.82 USD

2013-02-19 * "Good Moods Market" | "Buying groceries"
  Liabilities:US:Chase:Slate                       -39.85 USD
  Expenses:Food:Groceries                           39.85 USD

2013-02-20 * "China Garden" | "Eating out alone"
  Liabilities:US:Chase:Slate                        -9.66 USD
  Expenses:Food:Restaurant                           9.66 USD

2013-02-22 balance Liabilities:US:Chase:Slate     -795.15 USD

2013-02-24 * "Cafe Modagor" | "Eating out with Bill"
  Liabilities:US:Chase:Slate                       -37.65 USD
  Expenses:Food:Restaurant                          37.65 USD

2013-02-25 * "Farmer Fresh" | "Buying groceries"
  Liabilities:US:Chase:Slate                      -103.81 USD
  Expenses:Food:Groceries                          103.81 USD

2013-02-26 * "Kin Soy" | "Eating out with Natasha"
  Liabilities:US:Chase:Slate                       -31.20 USD
  Expenses:Food:Restaurant                          31.20 USD

2013-02-26 * "Metro Transport Authority" | "Tram tickets"
  Liabilities:US:Chase:Slate                      -120.00 USD
  Expenses:Transport:Tram                          120.00 USD

2013-02-27 event "location" "New York"

2013-02-28 * "La Colombe" | "" #trip-new-york-2013
  Liabilities:US:Chase:Slate                        -6.91 USD
  Expenses:Food:Coffee                               6.91 USD

2013-03-01 * "Uncle Boons" | "" #trip-new-york-2013
  Liabilities:US:Chase:Slate                       -45.59 USD
  Expenses:Food:Restaurant                          45.59 USD

2013-03-01 * "Laut" | "" #trip-new-york-2013
  Liabilities:US:Chase:Slate                       -37.76 USD
  Expenses:Food:Restaurant                          37.76 USD

2013-03-01 * "La Colombe" | "" #trip-new-york-2013
  Liabilities:US:Chase:Slate                        -8.03 USD
  Expenses:Food:Coffee                               8.03 USD

2013-03-02 * "Takahachi" | "" #trip-new-york-2013
  Liabilities:US:Chase:Slate                       -56.20 USD
  Expenses:Food:Restaurant                          56.20 USD

2013-03-02 * "La Colombe" | "" #trip-new-york-2013
  Liabilities:US:Chase:Slate                        -6.46 USD
  Expenses:Food:Coffee                               6.46 USD

2013-03-03 * "Uncle Boons" | "" #trip-new-york-2013
  Liabilities:US:Chase:Slate                       -42.39 USD
  Expenses:Food:Restaurant                          42.39 USD

2013-03-03 * "La Colombe" | "" #trip-new-york-2013
  Liabilities:US:Chase:Slate                        -5.51 USD
  Expenses:Food:Coffee                               5.51 USD

2013-03-04 * "Uncle Boons" | "" #trip-new-york-2013
  Liabilities:US:Chase:Slate                       -35.58 USD
  Expenses:Food:Restaurant                          35.58 USD

2013-03-04 * "Cafe Select" | "" #trip-new-york-2013
  Liabilities:US:Chase:Slate                       -31.62 USD
  Expenses:Food:Restaurant                          31.62 USD

2013-03-04 * "Takahachi" | "" #trip-new-york-2013
  Liabilities:US:Chase:Slate                       -47.24 USD
  Expenses:Food:Restaurant                          47.24 USD

2013-03-04 * "Gimme! Coffee" | "" #trip-new-york-2013
  Liabilities:US:Chase:Slate                        -8.48 USD
  Expenses:Food:Coffee                               8.48 USD

2013-03-05 * "Uncle Boons" | "" #trip-new-york-2013
  Liabilities:US:Chase:Slate                       -40.98 USD
  Expenses:Food:Restaurant                          40.98 USD

2013-03-05 * "Takahachi" | "" #trip-new-york-2013
  Liabilities:US:Chase:Slate                       -43.08 USD
  Expenses:Food:Restaurant                          43.08 USD

2013-03-05 * "La Colombe" | "" #trip-new-york-2013
  Liabilities:US:Chase:Slate                        -5.59 USD
  Expenses:Food:Coffee                               5.59 USD

2013-03-06 * "Uncle Boons" | "" #trip-new-york-2013
  Liabilities:US:Chase:Slate                       -36.05 USD
  Expenses:Food:Restaurant                          36.05 USD

2013-03-06 * "Laut" | "" #trip-new-york-2013
  Liabilities:US:Chase:Slate                       -40.50 USD
  Expenses:Food:Restaurant                          40.50 USD

2013-03-06 * "Gimme! Coffee" | "" #trip-new-york-2013
  Liabilities:US:Chase:Slate                       -10.57 USD
  Expenses:Food:Coffee                              10.57 USD

2013-03-07 * "La Colombe" | "" #trip-new-york-2013
  Liabilities:US:Chase:Slate                        -5.92 USD
  Expenses:Food:Coffee                               5.92 USD

2013-03-08 * "Takahachi" | "" #trip-new-york-2013
  Liabilities:US:Chase:Slate                       -48.79 USD
  Expenses:Food:Restaurant                          48.79 USD

2013-03-08 * "Laut" | "" #trip-new-york-2013
  Liabilities:US:Chase:Slate                       -32.28 USD
  Expenses:Food:Restaurant                          32.28 USD

2013-03-08 * "La Colombe" | "" #trip-new-york-2013
  Liabilities:US:Chase:Slate                        -5.77 USD
  Expenses:Food:Coffee                               5.77 USD

2013-03-08 * "Chase:Slate" | "Paying off credit card"
  Liabilities:US:Chase:Slate                       549.43 USD
  Assets:US:BofA:Checking                         -549.43 USD

2013-03-09 * "Uncle Boons" | "" #trip-new-york-2013
  Liabilities:US:Chase:Slate                       -37.32 USD
  Expenses:Food:Restaurant                          37.32 USD

2013-03-09 * "Cafe Select" | "" #trip-new-york-2013
  Liabilities:US:Chase:Slate                       -30.15 USD
  Expenses:Food:Restaurant                          30.15 USD

2013-03-09 * "Takahachi" | "" #trip-new-york-2013
  Liabilities:US:Chase:Slate                       -42.09 USD
  Expenses:Food:Restaurant                          42.09 USD

2013-03-09 * "La Colombe" | "" #trip-new-york-2013
  Liabilities:US:Chase:Slate                        -6.85 USD
  Expenses:Food:Coffee                               6.85 USD

2013-03-10 * "Cafe Select" | "" #trip-new-york-2013
  Liabilities:US:Chase:Slate                       -27.09 USD
  Expenses:Food:Restaurant                          27.09 USD

2013-03-10 * "Gimme! Coffee" | "" #trip-new-york-2013
  Liabilities:US:Chase:Slate                        -7.70 USD
  Expenses:Food:Coffee                               7.70 USD

2013-03-11 * "Takahachi" | "" #trip-new-york-2013
  Liabilities:US:Chase:Slate                       -52.85 USD
  Expenses:Food:Restaurant                          52.85 USD

2013-03-11 * "La Colombe" | "" #trip-new-york-2013
  Liabilities:US:Chase:Slate                        -5.74 USD
  Expenses:Food:Coffee                               5.74 USD

2013-03-12 * "Uncle Boons" | "" #trip-new-york-2013
  Liabilities:US:Chase:Slate                       -49.72 USD
  Expenses:Food:Restaurant                          49.72 USD

2013-03-12 * "Laut" | "" #trip-new-york-2013
  Liabilities:US:Chase:Slate                       -32.87 USD
  Expenses:Food:Restaurant                          32.87 USD

2013-03-13 * "Cafe Select" | "" #trip-new-york-2013
  Liabilities:US:Chase:Slate                       -28.02 USD
  Expenses:Food:Restaurant                          28.02 USD

2013-03-13 * "Takahachi" | "" #trip-new-york-2013
  Liabilities:US:Chase:Slate                       -51.25 USD
  Expenses:Food:Restaurant                          51.25 USD

2013-03-13 * "La Colombe" | "" #trip-new-york-2013
  Liabilities:US:Chase:Slate                        -6.57 USD
  Expenses:Food:Coffee                               6.57 USD

2013-03-14 * "Takahachi" | "" #trip-new-york-2013
  Liabilities:US:Chase:Slate                       -38.86 USD
  Expenses:Food:Restaurant                          38.86 USD

2013-03-14 * "Laut" | "" #trip-new-york-2013
  Liabilities:US:Chase:Slate                       -30.05 USD
  Expenses:Food:Restaurant                          30.05 USD

2013-03-14 * "Gimme! Coffee" | "" #trip-new-york-2013
  Liabilities:US:Chase:Slate                        -8.53 USD
  Expenses:Food:Coffee                               8.53 USD

2013-03-14 event "location" "New Metropolis"

2013-03-16 * "Onion Market" | "Buying groceries"
  Liabilities:US:Chase:Slate                      -110.10 USD
  Expenses:Food:Groceries                          110.10 USD

2013-03-17 * "Goba Goba" | "Eating out "
  Liabilities:US:Chase:Slate                       -20.16 USD
  Expenses:Food:Restaurant                          20.16 USD

2013-03-22 * "Jewel of Morroco" | "Eating out after work"
  Liabilities:US:Chase:Slate                       -18.25 USD
  Expenses:Food:Restaurant                          18.25 USD

2013-03-23 balance Liabilities:US:Chase:Slate    -1743.85 USD

2013-03-24 * "Cafe Modagor" | "Eating out with work buddies"
  Liabilities:US:Chase:Slate                       -30.26 USD
  Expenses:Food:Restaurant                          30.26 USD

2013-03-27 * "Metro Transport Authority" | "Tram tickets"
  Liabilities:US:Chase:Slate                      -120.00 USD
  Expenses:Transport:Tram                          120.00 USD

2013-03-29 * "Uncle Boons" | "Eating out with Bill"
  Liabilities:US:Chase:Slate                       -29.43 USD
  Expenses:Food:Restaurant                          29.43 USD

2013-03-31 * "Goba Goba" | "Eating out "
  Liabilities:US:Chase:Slate                       -31.04 USD
  Expenses:Food:Restaurant                          31.04 USD

2013-04-01 * "Jewel of Morroco" | "Eating out with Natasha"
  Liabilities:US:Chase:Slate                       -55.56 USD
  Expenses:Food:Restaurant                          55.56 USD

2013-04-03 * "Farmer Fresh" | "Buying groceries"
  Liabilities:US:Chase:Slate                       -71.10 USD
  Expenses:Food:Groceries                           71.10 USD

2013-04-04 * "Goba Goba" | "Eating out after work"
  Liabilities:US:Chase:Slate                       -28.07 USD
  Expenses:Food:Restaurant                          28.07 USD

2013-04-05 * "Kin Soy" | "Eating out with Joe"
  Liabilities:US:Chase:Slate                       -38.92 USD
  Expenses:Food:Restaurant                          38.92 USD

2013-04-06 * "Chichipotle" | "Eating out with Natasha"
  Liabilities:US:Chase:Slate                       -53.05 USD
  Expenses:Food:Restaurant                          53.05 USD

2013-04-08 * "Farmer Fresh" | "Buying groceries"
  Liabilities:US:Chase:Slate                       -88.59 USD
  Expenses:Food:Groceries                           88.59 USD

2013-04-09 * "Chase:Slate" | "Paying off credit card"
  Liabilities:US:Chase:Slate                       626.18 USD
  Assets:US:BofA:Checking                         -626.18 USD

2013-04-10 * "Cafe Modagor" | "Eating out with Joe"
  Liabilities:US:Chase:Slate                       -41.75 USD
  Expenses:Food:Restaurant                          41.75 USD

2013-04-12 * "China Garden" | "Eating out after work"
  Liabilities:US:Chase:Slate                       -25.33 USD
  Expenses:Food:Restaurant                          25.33 USD

2013-04-13 balance Liabilities:US:Chase:Slate    -1730.77 USD

2013-04-13 * "China Garden" | "Eating out alone"
  Liabilities:US:Chase:Slate                       -15.06 USD
  Expenses:Food:Restaurant                          15.06 USD

2013-04-15 * "Uncle Boons" | "Eating out alone"
  Liabilities:US:Chase:Slate                       -41.52 USD
  Expenses:Food:Restaurant                          41.52 USD

2013-04-18 * "Good Moods Market" | "Buying groceries"
  Liabilities:US:Chase:Slate                       -60.90 USD
  Expenses:Food:Groceries                           60.90 USD

2013-04-20 * "Kin Soy" | "Eating out after work"
  Liabilities:US:Chase:Slate                       -26.15 USD
  Expenses:Food:Restaurant                          26.15 USD

2013-04-23 * "Uncle Boons" | "Eating out with Natasha"
  Liabilities:US:Chase:Slate                       -27.86 USD
  Expenses:Food:Restaurant                          27.86 USD

2013-04-26 * "Metro Transport Authority" | "Tram tickets"
  Liabilities:US:Chase:Slate                      -120.00 USD
  Expenses:Transport:Tram                          120.00 USD

2013-04-27 * "Jewel of Morroco" | "Eating out "
  Liabilities:US:Chase:Slate                       -25.92 USD
  Expenses:Food:Restaurant                          25.92 USD

2013-05-01 * "Farmer Fresh" | "Buying groceries"
  Liabilities:US:Chase:Slate                       -64.62 USD
  Expenses:Food:Groceries                           64.62 USD

2013-05-02 * "Kin Soy" | "Eating out alone"
  Liabilities:US:Chase:Slate                       -19.83 USD
  Expenses:Food:Restaurant                          19.83 USD

2013-05-06 balance Liabilities:US:Chase:Slate    -2132.63 USD

2013-05-07 * "Rose Flower" | "Eating out with Natasha"
  Liabilities:US:Chase:Slate                       -25.28 USD
  Expenses:Food:Restaurant                          25.28 USD

2013-05-11 * "Jewel of Morroco" | "Eating out with Joe"
  Liabilities:US:Chase:Slate                        -9.34 USD
  Expenses:Food:Restaurant                           9.34 USD

2013-05-11 * "Chase:Slate" | "Paying off credit card"
  Liabilities:US:Chase:Slate                       461.81 USD
  Assets:US:BofA:Checking                         -461.81 USD

2013-05-14 * "Farmer Fresh" | "Buying groceries"
  Liabilities:US:Chase:Slate                       -82.22 USD
  Expenses:Food:Groceries                           82.22 USD

2013-05-16 * "Kin Soy" | "Eating out after work"
  Liabilities:US:Chase:Slate                       -41.23 USD
  Expenses:Food:Restaurant                          41.23 USD

2013-05-18 * "Rose Flower" | "Eating out alone"
  Liabilities:US:Chase:Slate                       -26.52 USD
  Expenses:Food:Restaurant                          26.52 USD

2013-05-23 * "Cafe Modagor" | "Eating out "
  Liabilities:US:Chase:Slate                       -91.85 USD
  Expenses:Food:Restaurant                          91.85 USD

2013-05-24 * "Metro Transport Authority" | "Tram tickets"
  Liabilities:US:Chase:Slate                      -120.00 USD
  Expenses:Transport:Tram                          120.00 USD

2013-05-25 * "Jewel of Morroco" | "Eating out with Natasha"
  Liabilities:US:Chase:Slate                       -49.67 USD
  Expenses:Food:Restaurant                          49.67 USD

2013-05-29 balance Liabilities:US:Chase:Slate    -2116.93 USD

2013-05-30 * "Jewel of Morroco" | "Eating out "
  Liabilities:US:Chase:Slate                       -22.37 USD
  Expenses:Food:Restaurant                          22.37 USD

2013-05-31 * "Uncle Boons" | "Eating out with Joe"
  Liabilities:US:Chase:Slate                       -27.91 USD
  Expenses:Food:Restaurant                          27.91 USD

2013-06-03 * "Corner Deli" | "Buying groceries"
  Liabilities:US:Chase:Slate                       -78.29 USD
  Expenses:Food:Groceries                           78.29 USD

2013-06-05 * "Chichipotle" | "Eating out with Bill"
  Liabilities:US:Chase:Slate                       -25.36 USD
  Expenses:Food:Restaurant                          25.36 USD

2013-06-09 * "Chase:Slate" | "Paying off credit card"
  Liabilities:US:Chase:Slate                       595.90 USD
  Assets:US:BofA:Checking                         -595.90 USD

2013-06-10 * "Cafe Modagor" | "Eating out with work buddies"
  Liabilities:US:Chase:Slate                       -30.48 USD
  Expenses:Food:Restaurant                          30.48 USD

2013-06-11 * "Jewel of Morroco" | "Eating out with Julie"
  Liabilities:US:Chase:Slate                       -42.69 USD
  Expenses:Food:Restaurant                          42.69 USD

2013-06-16 * "Cafe Modagor" | "Eating out with Natasha"
  Liabilities:US:Chase:Slate                       -48.80 USD
  Expenses:Food:Restaurant                          48.80 USD

2013-06-16 * "Onion Market" | "Buying groceries"
  Liabilities:US:Chase:Slate                       -93.86 USD
  Expenses:Food:Groceries                           93.86 USD

2013-06-20 * "Goba Goba" | "Eating out alone"
  Liabilities:US:Chase:Slate                       -28.87 USD
  Expenses:Food:Restaurant                          28.87 USD

2013-06-20 * "Metro Transport Authority" | "Tram tickets"
  Liabilities:US:Chase:Slate                      -120.00 USD
  Expenses:Transport:Tram                          120.00 USD

2013-06-22 balance Liabilities:US:Chase:Slate    -2039.66 USD

2013-06-23 * "Kin Soy" | "Eating out "
  Liabilities:US:Chase:Slate                       -24.65 USD
  Expenses:Food:Restaurant                          24.65 USD

2013-06-25 * "Rose Flower" | "Eating out "
  Liabilities:US:Chase:Slate                       -18.92 USD
  Expenses:Food:Restaurant                          18.92 USD

2013-06-26 * "Kin Soy" | "Eating out alone"
  Liabilities:US:Chase:Slate                       -72.40 USD
  Expenses:Food:Restaurant                          72.40 USD

2013-06-28 * "Chichipotle" | "Eating out with work buddies"
  Liabilities:US:Chase:Slate                       -21.63 USD
  Expenses:Food:Restaurant                          21.63 USD

2013-07-01 * "Cafe Modagor" | "Eating out with Julie"
  Liabilities:US:Chase:Slate                       -39.15 USD
  Expenses:Food:Restaurant                          39.15 USD

2013-07-04 * "Goba Goba" | "Eating out "
  Liabilities:US:Chase:Slate                       -25.46 USD
  Expenses:Food:Restaurant                          25.46 USD

2013-07-06 * "Good Moods Market" | "Buying groceries"
  Liabilities:US:Chase:Slate                      -119.92 USD
  Expenses:Food:Groceries                          119.92 USD

2013-07-08 * "Goba Goba" | "Eating out alone"
  Liabilities:US:Chase:Slate                       -37.01 USD
  Expenses:Food:Restaurant                          37.01 USD

2013-07-09 * "Kin Soy" | "Eating out after work"
  Liabilities:US:Chase:Slate                       -82.18 USD
  Expenses:Food:Restaurant                          82.18 USD

2013-07-09 * "Chase:Slate" | "Paying off credit card"
  Liabilities:US:Chase:Slate                       775.54 USD
  Assets:US:BofA:Checking                         -775.54 USD

2013-07-11 * "Jewel of Morroco" | "Eating out with Bill"
  Liabilities:US:Chase:Slate                       -30.89 USD
  Expenses:Food:Restaurant                          30.89 USD

2013-07-16 * "Chichipotle" | "Eating out with Joe"
  Liabilities:US:Chase:Slate                       -29.60 USD
  Expenses:Food:Restaurant                          29.60 USD

2013-07-17 * "Metro Transport Authority" | "Tram tickets"
  Liabilities:US:Chase:Slate                      -120.00 USD
  Expenses:Transport:Tram                          120.00 USD

2013-07-18 balance Liabilities:US:Chase:Slate    -1885.93 USD

2013-07-18 * "Kin Soy" | "Eating out with Joe"
  Liabilities:US:Chase:Slate                       -29.36 USD
  Expenses:Food:Restaurant                          29.36 USD

2013-07-19 * "Kin Soy" | "Eating out with Natasha"
  Liabilities:US:Chase:Slate                       -20.07 USD
  Expenses:Food:Restaurant                          20.07 USD

2013-07-24 * "China Garden" | "Eating out "
  Liabilities:US:Chase:Slate                       -25.92 USD
  Expenses:Food:Restaurant                          25.92 USD

2013-07-24 * "Onion Market" | "Buying groceries"
  Liabilities:US:Chase:Slate                       -59.38 USD
  Expenses:Food:Groceries                           59.38 USD

2013-07-26 * "Chichipotle" | "Eating out alone"
  Liabilities:US:Chase:Slate                       -17.67 USD
  Expenses:Food:Restaurant                          17.67 USD

2013-07-29 * "Onion Market" | "Buying groceries"
  Liabilities:US:Chase:Slate                       -76.70 USD
  Expenses:Food:Groceries                           76.70 USD

2013-07-30 * "Cafe Modagor" | "Eating out with Bill"
  Liabilities:US:Chase:Slate                       -49.43 USD
  Expenses:Food:Restaurant                          49.43 USD

2013-08-01 * "Chichipotle" | "Eating out with Julie"
  Liabilities:US:Chase:Slate                       -61.13 USD
  Expenses:Food:Restaurant                          61.13 USD

2013-08-03 * "Corner Deli" | "Buying groceries"
  Liabilities:US:Chase:Slate                       -78.65 USD
  Expenses:Food:Groceries                           78.65 USD

2013-08-04 * "Kin Soy" | "Eating out with Joe"
  Liabilities:US:Chase:Slate                       -48.07 USD
  Expenses:Food:Restaurant                          48.07 USD

2013-08-06 * "Jewel of Morroco" | "Eating out with Natasha"
  Liabilities:US:Chase:Slate                       -37.73 USD
  Expenses:Food:Restaurant                          37.73 USD

2013-08-07 * "Kin Soy" | "Eating out alone"
  Liabilities:US:Chase:Slate                       -39.32 USD
  Expenses:Food:Restaurant                          39.32 USD

2013-08-08 * "Chase:Slate" | "Paying off credit card"
  Liabilities:US:Chase:Slate                       762.83 USD
  Assets:US:BofA:Checking                         -762.83 USD

2013-08-11 balance Liabilities:US:Chase:Slate    -1666.53 USD

2013-08-12 * "Kin Soy" | "Eating out with Joe"
  Liabilities:US:Chase:Slate                       -38.91 USD
  Expenses:Food:Restaurant                          38.91 USD

2013-08-16 * "Metro Transport Authority" | "Tram tickets"
  Liabilities:US:Chase:Slate                      -120.00 USD
  Expenses:Transport:Tram                          120.00 USD

2013-08-17 * "Chichipotle" | "Eating out with work buddies"
  Liabilities:US:Chase:Slate                       -50.41 USD
  Expenses:Food:Restaurant                          50.41 USD

2013-08-18 * "Jewel of Morroco" | "Eating out alone"
  Liabilities:US:Chase:Slate                       -32.83 USD
  Expenses:Food:Restaurant                          32.83 USD

2013-08-23 * "Uncle Boons" | "Eating out with Natasha"
  Liabilities:US:Chase:Slate                       -44.10 USD
  Expenses:Food:Restaurant                          44.10 USD

2013-08-23 * "Farmer Fresh" | "Buying groceries"
  Liabilities:US:Chase:Slate                       -81.96 USD
  Expenses:Food:Groceries                           81.96 USD

2013-08-24 * "Chichipotle" | "Eating out with Natasha"
  Liabilities:US:Chase:Slate                       -15.76 USD
  Expenses:Food:Restaurant                          15.76 USD

2013-08-29 * "Cafe Modagor" | "Eating out alone"
  Liabilities:US:Chase:Slate                       -29.38 USD
  Expenses:Food:Restaurant                          29.38 USD

2013-09-02 * "Corner Deli" | "Buying groceries"
  Liabilities:US:Chase:Slate                      -140.33 USD
  Expenses:Food:Groceries                          140.33 USD

2013-09-03 * "Uncle Boons" | "Eating out with work buddies"
  Liabilities:US:Chase:Slate                       -18.85 USD
  Expenses:Food:Restaurant                          18.85 USD

2013-09-06 balance Liabilities:US:Chase:Slate    -2239.06 USD

2013-09-07 * "Kin Soy" | "Eating out with Joe"
  Liabilities:US:Chase:Slate                       -20.56 USD
  Expenses:Food:Restaurant                          20.56 USD

2013-09-10 * "Rose Flower" | "Eating out with work buddies"
  Liabilities:US:Chase:Slate                       -30.33 USD
  Expenses:Food:Restaurant                          30.33 USD

2013-09-10 * "Chase:Slate" | "Paying off credit card"
  Liabilities:US:Chase:Slate                       584.51 USD
  Assets:US:BofA:Checking                         -584.51 USD

2013-09-13 * "Uncle Boons" | "Eating out with Natasha"
  Liabilities:US:Chase:Slate                       -15.89 USD
  Expenses:Food:Restaurant                          15.89 USD

2013-09-13 * "Good Moods Market" | "Buying groceries"
  Liabilities:US:Chase:Slate                       -72.92 USD
  Expenses:Food:Groceries                           72.92 USD

2013-09-16 * "Metro Transport Authority" | "Tram tickets"
  Liabilities:US:Chase:Slate                      -120.00 USD
  Expenses:Transport:Tram                          120.00 USD

2013-09-18 * "Kin Soy" | "Eating out with Bill"
  Liabilities:US:Chase:Slate                       -40.70 USD
  Expenses:Food:Restaurant                          40.70 USD

2013-09-20 * "China Garden" | "Eating out with Bill"
  Liabilities:US:Chase:Slate                       -25.07 USD
  Expenses:Food:Restaurant                          25.07 USD

2013-09-23 * "Goba Goba" | "Eating out with work buddies"
  Liabilities:US:Chase:Slate                       -20.32 USD
  Expenses:Food:Restaurant                          20.32 USD

2013-09-26 balance Liabilities:US:Chase:Slate    -2000.34 USD

2013-09-28 * "China Garden" | "Eating out with work buddies"
  Liabilities:US:Chase:Slate                       -49.29 USD
  Expenses:Food:Restaurant                          49.29 USD

2013-10-01 * "Kin Soy" | "Eating out after work"
  Liabilities:US:Chase:Slate                       -25.49 USD
  Expenses:Food:Restaurant                          25.49 USD

2013-10-02 * "Good Moods Market" | "Buying groceries"
  Liabilities:US:Chase:Slate                       -79.33 USD
  Expenses:Food:Groceries                           79.33 USD

2013-10-05 * "Cafe Modagor" | "Eating out with Natasha"
  Liabilities:US:Chase:Slate                       -16.88 USD
  Expenses:Food:Restaurant                          16.88 USD

2013-10-10 * "Uncle Boons" | "Eating out with Joe"
  Liabilities:US:Chase:Slate                       -22.25 USD
  Expenses:Food:Restaurant                          22.25 USD

2013-10-11 * "Cafe Modagor" | "Eating out after work"
  Liabilities:US:Chase:Slate                       -57.20 USD
  Expenses:Food:Restaurant                          57.20 USD

2013-10-11 * "Chase:Slate" | "Paying off credit card"
  Liabilities:US:Chase:Slate                       545.34 USD
  Assets:US:BofA:Checking                         -545.34 USD

2013-10-14 * "Goba Goba" | "Eating out with work buddies"
  Liabilities:US:Chase:Slate                       -15.16 USD
  Expenses:Food:Restaurant                          15.16 USD

2013-10-17 * "Metro Transport Authority" | "Tram tickets"
  Liabilities:US:Chase:Slate                      -120.00 USD
  Expenses:Transport:Tram                          120.00 USD

2013-10-19 * "Kin Soy" | "Eating out with work buddies"
  Liabilities:US:Chase:Slate                       -18.10 USD
  Expenses:Food:Restaurant                          18.10 USD

2013-10-22 * "Cafe Modagor" | "Eating out alone"
  Liabilities:US:Chase:Slate                       -55.28 USD
  Expenses:Food:Restaurant                          55.28 USD

2013-10-22 * "Good Moods Market" | "Buying groceries"
  Liabilities:US:Chase:Slate                       -78.92 USD
  Expenses:Food:Groceries                           78.92 USD

2013-10-25 * "Kin Soy" | "Eating out with Natasha"
  Liabilities:US:Chase:Slate                       -39.47 USD
  Expenses:Food:Restaurant                          39.47 USD

2013-10-26 balance Liabilities:US:Chase:Slate    -2032.37 USD

2013-10-28 * "Chichipotle" | "Eating out with Joe"
  Liabilities:US:Chase:Slate                       -21.32 USD
  Expenses:Food:Restaurant                          21.32 USD

2013-10-28 * "Onion Market" | "Buying groceries"
  Liabilities:US:Chase:Slate                       -70.38 USD
  Expenses:Food:Groceries                           70.38 USD

2013-10-31 * "Chichipotle" | "Eating out with work buddies"
  Liabilities:US:Chase:Slate                       -30.61 USD
  Expenses:Food:Restaurant                          30.61 USD

2013-11-03 * "Goba Goba" | "Eating out after work"
  Liabilities:US:Chase:Slate                       -26.45 USD
  Expenses:Food:Restaurant                          26.45 USD

2013-11-05 * "Goba Goba" | "Eating out with Bill"
  Liabilities:US:Chase:Slate                       -23.98 USD
  Expenses:Food:Restaurant                          23.98 USD

2013-11-10 * "Goba Goba" | "Eating out with Bill"
  Liabilities:US:Chase:Slate                       -35.53 USD
  Expenses:Food:Restaurant                          35.53 USD

2013-11-10 * "Chase:Slate" | "Paying off credit card"
  Liabilities:US:Chase:Slate                       535.20 USD
  Assets:US:BofA:Checking                         -535.20 USD

2013-11-11 * "Onion Market" | "Buying groceries"
  Liabilities:US:Chase:Slate                      -114.40 USD
  Expenses:Food:Groceries                          114.40 USD

2013-11-12 * "Chichipotle" | "Eating out with Julie"
  Liabilities:US:Chase:Slate                       -32.30 USD
  Expenses:Food:Restaurant                          32.30 USD

2013-11-13 * "Kin Soy" | "Eating out alone"
  Liabilities:US:Chase:Slate                       -27.18 USD
  Expenses:Food:Restaurant                          27.18 USD

2013-11-15 balance Liabilities:US:Chase:Slate    -1879.32 USD

2013-11-17 * "Metro Transport Authority" | "Tram tickets"
  Liabilities:US:Chase:Slate                      -120.00 USD
  Expenses:Transport:Tram                          120.00 USD

2013-11-18 * "Rose Flower" | "Eating out with Natasha"
  Liabilities:US:Chase:Slate                       -30.61 USD
  Expenses:Food:Restaurant                          30.61 USD

2013-11-19 * "Jewel of Morroco" | "Eating out after work"
  Liabilities:US:Chase:Slate                       -40.94 USD
  Expenses:Food:Restaurant                          40.94 USD

2013-11-23 * "Kin Soy" | "Eating out with Julie"
  Liabilities:US:Chase:Slate                       -25.01 USD
  Expenses:Food:Restaurant                          25.01 USD

2013-11-24 * "Chichipotle" | "Eating out with Bill"
  Liabilities:US:Chase:Slate                       -60.45 USD
  Expenses:Food:Restaurant                          60.45 USD

2013-11-26 * "Good Moods Market" | "Buying groceries"
  Liabilities:US:Chase:Slate                       -77.58 USD
  Expenses:Food:Groceries                           77.58 USD

2013-11-29 * "Goba Goba" | "Eating out after work"
  Liabilities:US:Chase:Slate                       -35.92 USD
  Expenses:Food:Restaurant                          35.92 USD

2013-12-02 * "Rose Flower" | "Eating out "
  Liabilities:US:Chase:Slate                       -30.12 USD
  Expenses:Food:Restaurant                          30.12 USD

2013-12-04 * "Chichipotle" | "Eating out with Bill"
  Liabilities:US:Chase:Slate                       -33.63 USD
  Expenses:Food:Restaurant                          33.63 USD

2013-12-08 * "Jewel of Morroco" | "Eating out alone"
  Liabilities:US:Chase:Slate                       -36.98 USD
  Expenses:Food:Restaurant                          36.98 USD

2013-12-09 event "location" "Chicago"

2013-12-10 * "Eataly Chicago" | "" #trip-chicago-2013
  Liabilities:US:Chase:Slate                       -37.00 USD
  Expenses:Food:Restaurant                          37.00 USD

2013-12-10 * "Argo Tea" | "" #trip-chicago-2013
  Liabilities:US:Chase:Slate                        -5.70 USD
  Expenses:Food:Coffee                               5.70 USD

2013-12-10 * "Chase:Slate" | "Paying off credit card"
  Liabilities:US:Chase:Slate                       685.10 USD
  Assets:US:BofA:Checking                         -685.10 USD

2013-12-11 balance Liabilities:US:Chase:Slate    -1728.16 USD

2013-12-11 * "Star of Siam" | "" #trip-chicago-2013
  Liabilities:US:Chase:Slate                       -25.20 USD
  Expenses:Food:Restaurant                          25.20 USD

2013-12-11 * "25 Degrees Burger Bar" | "" #trip-chicago-2013
  Liabilities:US:Chase:Slate                       -23.53 USD
  Expenses:Food:Restaurant                          23.53 USD

2013-12-11 * "Another Sports Pub" | "" #trip-chicago-2013
  Liabilities:US:Chase:Slate                       -15.75 USD
  Expenses:Food:Alcohol                             15.75 USD

2013-12-12 * "Mercadito" | "" #trip-chicago-2013
  Liabilities:US:Chase:Slate                       -43.58 USD
  Expenses:Food:Restaurant                          43.58 USD

2013-12-12 * "Another Sports Pub" | "" #trip-chicago-2013
  Liabilities:US:Chase:Slate                       -11.92 USD
  Expenses:Food:Alcohol                             11.92 USD

2013-12-13 * "Eataly Chicago" | "" #trip-chicago-2013
  Liabilities:US:Chase:Slate                       -46.70 USD
  Expenses:Food:Restaurant                          46.70 USD

2013-12-13 * "Another Sports Pub" | "" #trip-chicago-2013
  Liabilities:US:Chase:Slate                        -5.78 USD
  Expenses:Food:Alcohol                              5.78 USD

2013-12-13 * "Argo Tea" | "" #trip-chicago-2013
  Liabilities:US:Chase:Slate                        -7.04 USD
  Expenses:Food:Coffee                               7.04 USD

2013-12-14 * "25 Degrees Burger Bar" | "" #trip-chicago-2013
  Liabilities:US:Chase:Slate                       -23.78 USD
  Expenses:Food:Restaurant                          23.78 USD

2013-12-15 * "Star of Siam" | "" #trip-chicago-2013
  Liabilities:US:Chase:Slate                       -18.90 USD
  Expenses:Food:Restaurant                          18.90 USD

2013-12-15 * "Mercadito" | "" #trip-chicago-2013
  Liabilities:US:Chase:Slate                       -34.52 USD
  Expenses:Food:Restaurant                          34.52 USD

2013-12-15 * "25 Degrees Burger Bar" | "" #trip-chicago-2013
  Liabilities:US:Chase:Slate                       -22.44 USD
  Expenses:Food:Restaurant                          22.44 USD

2013-12-15 * "Argo Tea" | "" #trip-chicago-2013
  Liabilities:US:Chase:Slate                        -6.38 USD
  Expenses:Food:Coffee                               6.38 USD

2013-12-16 * "Eataly Chicago" | "" #trip-chicago-2013
  Liabilities:US:Chase:Slate                       -35.86 USD
  Expenses:Food:Restaurant                          35.86 USD

2013-12-16 * "Argo Tea" | "" #trip-chicago-2013
  Liabilities:US:Chase:Slate                        -6.94 USD
  Expenses:Food:Coffee                               6.94 USD

2013-12-17 * "Goba Goba" | "Eating out "
  Liabilities:US:Chase:Slate                       -19.98 USD
  Expenses:Food:Restaurant                          19.98 USD

2013-12-17 * "Mercadito" | "" #trip-chicago-2013
  Liabilities:US:Chase:Slate                       -41.39 USD
  Expenses:Food:Restaurant                          41.39 USD

2013-12-17 * "25 Degrees Burger Bar" | "" #trip-chicago-2013
  Liabilities:US:Chase:Slate                       -22.14 USD
  Expenses:Food:Restaurant                          22.14 USD

2013-12-17 * "Eataly Chicago" | "" #trip-chicago-2013
  Liabilities:US:Chase:Slate                       -45.49 USD
  Expenses:Food:Restaurant                          45.49 USD

2013-12-17 event "location" "New Metropolis"

2013-12-18 * "Metro Transport Authority" | "Tram tickets"
  Liabilities:US:Chase:Slate                      -120.00 USD
  Expenses:Transport:Tram                          120.00 USD

2013-12-20 * "Rose Flower" | "Eating out with Julie"
  Liabilities:US:Chase:Slate                       -23.60 USD
  Expenses:Food:Restaurant                          23.60 USD

2013-12-23 * "Cafe Modagor" | "Eating out with work buddies"
  Liabilities:US:Chase:Slate                       -29.09 USD
  Expenses:Food:Restaurant                          29.09 USD

2013-12-24 * "Goba Goba" | "Eating out after work"
  Liabilities:US:Chase:Slate                       -40.05 USD
  Expenses:Food:Restaurant                          40.05 USD

2013-12-29 * "Kin Soy" | "Eating out alone"
  Liabilities:US:Chase:Slate                       -85.37 USD
  Expenses:Food:Restaurant                          85.37 USD

2013-12-31 * "Corner Deli" | "Buying groceries"
  Liabilities:US:Chase:Slate                       -89.75 USD
  Expenses:Food:Groceries                           89.75 USD

2014-01-02 * "Rose Flower" | "Eating out with Bill"
  Liabilities:US:Chase:Slate                       -18.11 USD
  Expenses:Food:Restaurant                          18.11 USD

2014-01-03 * "Jewel of Morroco" | "Eating out with Julie"
  Liabilities:US:Chase:Slate                       -32.82 USD
  Expenses:Food:Restaurant                          32.82 USD

2014-01-06 balance Liabilities:US:Chase:Slate    -2624.27 USD

2014-01-06 * "Jewel of Morroco" | "Eating out with Julie"
  Liabilities:US:Chase:Slate                       -22.96 USD
  Expenses:Food:Restaurant                          22.96 USD

2014-01-07 * "Uncle Boons" | "Eating out after work"
  Liabilities:US:Chase:Slate                       -54.79 USD
  Expenses:Food:Restaurant                          54.79 USD

2014-01-09 * "Chase:Slate" | "Paying off credit card"
  Liabilities:US:Chase:Slate                       630.65 USD
  Assets:US:BofA:Checking                         -630.65 USD

2014-01-10 * "Farmer Fresh" | "Buying groceries"
  Liabilities:US:Chase:Slate                      -114.11 USD
  Expenses:Food:Groceries                          114.11 USD

2014-01-12 * "Chichipotle" | "Eating out "
  Liabilities:US:Chase:Slate                       -48.46 USD
  Expenses:Food:Restaurant                          48.46 USD

2014-01-17 * "Cafe Modagor" | "Eating out "
  Liabilities:US:Chase:Slate                       -44.45 USD
  Expenses:Food:Restaurant                          44.45 USD

2014-01-18 * "Metro Transport Authority" | "Tram tickets"
  Liabilities:US:Chase:Slate                      -120.00 USD
  Expenses:Transport:Tram                          120.00 USD

2014-01-19 * "Jewel of Morroco" | "Eating out "
  Liabilities:US:Chase:Slate                       -52.93 USD
  Expenses:Food:Restaurant                          52.93 USD

2014-01-23 * "Goba Goba" | "Eating out with Natasha"
  Liabilities:US:Chase:Slate                       -40.61 USD
  Expenses:Food:Restaurant                          40.61 USD

2014-01-27 * "Farmer Fresh" | "Buying groceries"
  Liabilities:US:Chase:Slate                       -85.44 USD
  Expenses:Food:Groceries                           85.44 USD

2014-01-28 * "Jewel of Morroco" | "Eating out with work buddies"
  Liabilities:US:Chase:Slate                       -41.79 USD
  Expenses:Food:Restaurant                          41.79 USD

2014-01-30 balance Liabilities:US:Chase:Slate    -2619.16 USD

2014-01-31 * "Cafe Modagor" | "Eating out with Joe"
  Liabilities:US:Chase:Slate                       -51.68 USD
  Expenses:Food:Restaurant                          51.68 USD

2014-02-01 * "Rose Flower" | "Eating out after work"
  Liabilities:US:Chase:Slate                       -22.32 USD
  Expenses:Food:Restaurant                          22.32 USD

2014-02-03 * "Kin Soy" | "Eating out with Joe"
  Liabilities:US:Chase:Slate                       -18.66 USD
  Expenses:Food:Restaurant                          18.66 USD

2014-02-05 * "Rose Flower" | "Eating out alone"
  Liabilities:US:Chase:Slate                       -14.06 USD
  Expenses:Food:Restaurant                          14.06 USD

2014-02-07 * "Jewel of Morroco" | "Eating out with Joe"
  Liabilities:US:Chase:Slate                       -34.55 USD
  Expenses:Food:Restaurant                          34.55 USD

2014-02-09 * "Chase:Slate" | "Paying off credit card"
  Liabilities:US:Chase:Slate                       615.77 USD
  Assets:US:BofA:Checking                         -615.77 USD

2014-02-11 * "Kin Soy" | "Eating out with Bill"
  Liabilities:US:Chase:Slate                       -40.82 USD
  Expenses:Food:Restaurant                          40.82 USD

2014-02-12 * "Kin Soy" | "Eating out alone"
  Liabilities:US:Chase:Slate                       -32.33 USD
  Expenses:Food:Restaurant                          32.33 USD

2014-02-13 * "Uncle Boons" | "Eating out with Bill"
  Liabilities:US:Chase:Slate                       -32.29 USD
  Expenses:Food:Restaurant                          32.29 USD

2014-02-14 * "Farmer Fresh" | "Buying groceries"
  Liabilities:US:Chase:Slate                      -156.94 USD
  Expenses:Food:Groceries                          156.94 USD

2014-02-15 * "China Garden" | "Eating out with Joe"
  Liabilities:US:Chase:Slate                       -47.98 USD
  Expenses:Food:Restaurant                          47.98 USD

2014-02-18 * "Cafe Modagor" | "Eating out after work"
  Liabilities:US:Chase:Slate                       -42.60 USD
  Expenses:Food:Restaurant                          42.60 USD

2014-02-18 * "Metro Transport Authority" | "Tram tickets"
  Liabilities:US:Chase:Slate                      -120.00 USD
  Expenses:Transport:Tram                          120.00 USD

2014-02-19 balance Liabilities:US:Chase:Slate    -2617.62 USD

2014-02-20 * "Chichipotle" | "Eating out with Natasha"
  Liabilities:US:Chase:Slate                       -23.22 USD
  Expenses:Food:Restaurant                          23.22 USD

2014-02-21 * "Chichipotle" | "Eating out alone"
  Liabilities:US:Chase:Slate                       -24.36 USD
  Expenses:Food:Restaurant                          24.36 USD

2014-02-25 * "Corner Deli" | "Buying groceries"
  Liabilities:US:Chase:Slate                      -109.84 USD
  Expenses:Food:Groceries                          109.84 USD

2014-02-26 * "Jewel of Morroco" | "Eating out after work"
  Liabilities:US:Chase:Slate                       -20.53 USD
  Expenses:Food:Restaurant                          20.53 USD

2014-02-28 * "Jewel of Morroco" | "Eating out with Natasha"
  Liabilities:US:Chase:Slate                       -40.82 USD
  Expenses:Food:Restaurant                          40.82 USD

2014-03-01 * "Chichipotle" | "Eating out alone"
  Liabilities:US:Chase:Slate                       -31.19 USD
  Expenses:Food:Restaurant                          31.19 USD

2014-03-04 * "Corner Deli" | "Buying groceries"
  Liabilities:US:Chase:Slate                      -103.78 USD
  Expenses:Food:Groceries                          103.78 USD

2014-03-06 * "Chichipotle" | "Eating out after work"
  Liabilities:US:Chase:Slate                       -70.57 USD
  Expenses:Food:Restaurant                          70.57 USD

2014-03-07 * "Chase:Slate" | "Paying off credit card"
  Liabilities:US:Chase:Slate                       880.41 USD
  Assets:US:BofA:Checking                         -880.41 USD

2014-03-08 * "Cafe Modagor" | "Eating out "
  Liabilities:US:Chase:Slate                       -23.96 USD
  Expenses:Food:Restaurant                          23.96 USD

2014-03-09 * "Rose Flower" | "Eating out with Natasha"
  Liabilities:US:Chase:Slate                       -20.24 USD
  Expenses:Food:Restaurant                          20.24 USD

2014-03-10 * "Goba Goba" | "Eating out after work"
  Liabilities:US:Chase:Slate                       -31.56 USD
  Expenses:Food:Restaurant                          31.56 USD

2014-03-13 * "Rose Flower" | "Eating out with Julie"
  Liabilities:US:Chase:Slate                       -28.83 USD
  Expenses:Food:Restaurant                          28.83 USD

2014-03-17 balance Liabilities:US:Chase:Slate    -2266.11 USD

2014-03-17 * "Rose Flower" | "Eating out "
  Liabilities:US:Chase:Slate                       -69.15 USD
  Expenses:Food:Restaurant                          69.15 USD

2014-03-22 * "Chichipotle" | "Eating out with Julie"
  Liabilities:US:Chase:Slate                       -64.18 USD
  Expenses:Food:Restaurant                          64.18 USD

2014-03-22 * "Metro Transport Authority" | "Tram tickets"
  Liabilities:US:Chase:Slate                      -120.00 USD
  Expenses:Transport:Tram                          120.00 USD

2014-03-23 * "China Garden" | "Eating out alone"
  Liabilities:US:Chase:Slate                       -19.97 USD
  Expenses:Food:Restaurant                          19.97 USD

2014-03-23 * "Corner Deli" | "Buying groceries"
  Liabilities:US:Chase:Slate                       -73.55 USD
  Expenses:Food:Groceries                           73.55 USD

2014-03-28 * "China Garden" | "Eating out alone"
  Liabilities:US:Chase:Slate                       -19.44 USD
  Expenses:Food:Restaurant                          19.44 USD

2014-03-31 * "China Garden" | "Eating out "
  Liabilities:US:Chase:Slate                       -23.55 USD
  Expenses:Food:Restaurant                          23.55 USD

2014-04-02 * "China Garden" | "Eating out with Julie"
  Liabilities:US:Chase:Slate                       -36.05 USD
  Expenses:Food:Restaurant                          36.05 USD

2014-04-04 * "Cafe Modagor" | "Eating out "
  Liabilities:US:Chase:Slate                       -41.40 USD
  Expenses:Food:Restaurant                          41.40 USD

2014-04-04 * "Farmer Fresh" | "Buying groceries"
  Liabilities:US:Chase:Slate                       -79.89 USD
  Expenses:Food:Groceries                           79.89 USD

2014-04-07 balance Liabilities:US:Chase:Slate    -2813.29 USD

2014-04-08 * "Kin Soy" | "Eating out with Natasha"
  Liabilities:US:Chase:Slate                       -23.34 USD
  Expenses:Food:Restaurant                          23.34 USD

2014-04-11 * "Chase:Slate" | "Paying off credit card"
  Liabilities:US:Chase:Slate                       681.06 USD
  Assets:US:BofA:Checking                         -681.06 USD

2014-04-13 * "Uncle Boons" | "Eating out with Julie"
  Liabilities:US:Chase:Slate                       -29.91 USD
  Expenses:Food:Restaurant                          29.91 USD

2014-04-16 * "Rose Flower" | "Eating out with Julie"
  Liabilities:US:Chase:Slate                       -42.55 USD
  Expenses:Food:Restaurant                          42.55 USD

2014-04-18 * "Chichipotle" | "Eating out with Natasha"
  Liabilities:US:Chase:Slate                       -32.71 USD
  Expenses:Food:Restaurant                          32.71 USD

2014-04-19 * "Corner Deli" | "Buying groceries"
  Liabilities:US:Chase:Slate                       -51.91 USD
  Expenses:Food:Groceries                           51.91 USD

2014-04-21 * "China Garden" | "Eating out alone"
  Liabilities:US:Chase:Slate                       -30.10 USD
  Expenses:Food:Restaurant                          30.10 USD

2014-04-22 * "Chichipotle" | "Eating out with work buddies"
  Liabilities:US:Chase:Slate                       -48.24 USD
  Expenses:Food:Restaurant                          48.24 USD

2014-04-23 * "Metro Transport Authority" | "Tram tickets"
  Liabilities:US:Chase:Slate                      -120.00 USD
  Expenses:Transport:Tram                          120.00 USD

2014-04-27 balance Liabilities:US:Chase:Slate    -2510.99 USD

2014-04-27 * "Cafe Modagor" | "Eating out with Natasha"
  Liabilities:US:Chase:Slate                       -29.51 USD
  Expenses:Food:Restaurant                          29.51 USD

2014-05-02 * "Cafe Modagor" | "Eating out with Julie"
  Liabilities:US:Chase:Slate                       -32.69 USD
  Expenses:Food:Restaurant                          32.69 USD

2014-05-03 * "Jewel of Morroco" | "Eating out with Bill"
  Liabilities:US:Chase:Slate                       -46.49 USD
  Expenses:Food:Restaurant                          46.49 USD

2014-05-05 * "Corner Deli" | "Buying groceries"
  Liabilities:US:Chase:Slate                       -61.85 USD
  Expenses:Food:Groceries                           61.85 USD

2014-05-08 * "Uncle Boons" | "Eating out with work buddies"
  Liabilities:US:Chase:Slate                       -35.21 USD
  Expenses:Food:Restaurant                          35.21 USD

2014-05-10 * "Goba Goba" | "Eating out with Bill"
  Liabilities:US:Chase:Slate                       -60.05 USD
  Expenses:Food:Restaurant                          60.05 USD

2014-05-11 * "Chase:Slate" | "Paying off credit card"
  Liabilities:US:Chase:Slate                       604.84 USD
  Assets:US:BofA:Checking                         -604.84 USD

2014-05-12 * "Uncle Boons" | "Eating out with Julie"
  Liabilities:US:Chase:Slate                       -13.53 USD
  Expenses:Food:Restaurant                          13.53 USD

2014-05-13 * "Rose Flower" | "Eating out after work"
  Liabilities:US:Chase:Slate                        -7.73 USD
  Expenses:Food:Restaurant                           7.73 USD

2014-05-18 balance Liabilities:US:Chase:Slate    -2193.21 USD

2014-05-18 * "Cafe Modagor" | "Eating out with work buddies"
  Liabilities:US:Chase:Slate                       -42.25 USD
  Expenses:Food:Restaurant                          42.25 USD

2014-05-20 * "Good Moods Market" | "Buying groceries"
  Liabilities:US:Chase:Slate                       -53.67 USD
  Expenses:Food:Groceries                           53.67 USD

2014-05-23 * "Rose Flower" | "Eating out alone"
  Liabilities:US:Chase:Slate                       -21.94 USD
  Expenses:Food:Restaurant                          21.94 USD

2014-05-23 * "Metro Transport Authority" | "Tram tickets"
  Liabilities:US:Chase:Slate                      -120.00 USD
  Expenses:Transport:Tram                          120.00 USD

2014-05-25 * "China Garden" | "Eating out with Julie"
  Liabilities:US:Chase:Slate                       -17.58 USD
  Expenses:Food:Restaurant                          17.58 USD

2014-05-27 * "Kin Soy" | "Eating out with work buddies"
  Liabilities:US:Chase:Slate                       -27.42 USD
  Expenses:Food:Restaurant                          27.42 USD

2014-05-29 * "Uncle Boons" | "Eating out with Julie"
  Liabilities:US:Chase:Slate                       -17.39 USD
  Expenses:Food:Restaurant                          17.39 USD

2014-05-30 * "Onion Market" | "Buying groceries"
  Liabilities:US:Chase:Slate                       -96.37 USD
  Expenses:Food:Groceries                           96.37 USD

2014-06-01 * "Cafe Modagor" | "Eating out with Natasha"
  Liabilities:US:Chase:Slate                       -31.19 USD
  Expenses:Food:Restaurant                          31.19 USD

2014-06-06 * "Goba Goba" | "Eating out alone"
  Liabilities:US:Chase:Slate                       -71.07 USD
  Expenses:Food:Restaurant                          71.07 USD

2014-06-09 * "Cafe Modagor" | "Eating out with work buddies"
  Liabilities:US:Chase:Slate                       -54.34 USD
  Expenses:Food:Restaurant                          54.34 USD

2014-06-11 * "Chase:Slate" | "Paying off credit card"
  Liabilities:US:Chase:Slate                       636.30 USD
  Assets:US:BofA:Checking                         -636.30 USD

2014-06-12 * "Farmer Fresh" | "Buying groceries"
  Liabilities:US:Chase:Slate                       -75.35 USD
  Expenses:Food:Groceries                           75.35 USD

2014-06-13 * "China Garden" | "Eating out alone"
  Liabilities:US:Chase:Slate                       -50.91 USD
  Expenses:Food:Restaurant                          50.91 USD

2014-06-16 balance Liabilities:US:Chase:Slate    -2236.39 USD

2014-06-17 * "Goba Goba" | "Eating out with Joe"
  Liabilities:US:Chase:Slate                       -34.90 USD
  Expenses:Food:Restaurant                          34.90 USD

2014-06-20 * "Jewel of Morroco" | "Eating out with Julie"
  Liabilities:US:Chase:Slate                       -35.48 USD
  Expenses:Food:Restaurant                          35.48 USD

2014-06-21 * "Good Moods Market" | "Buying groceries"
  Liabilities:US:Chase:Slate                       -88.31 USD
  Expenses:Food:Groceries                           88.31 USD

2014-06-24 * "Chichipotle" | "Eating out with Bill"
  Liabilities:US:Chase:Slate                       -18.78 USD
  Expenses:Food:Restaurant                          18.78 USD

2014-06-25 * "Jewel of Morroco" | "Eating out alone"
  Liabilities:US:Chase:Slate                       -22.82 USD
  Expenses:Food:Restaurant                          22.82 USD

2014-06-25 * "Metro Transport Authority" | "Tram tickets"
  Liabilities:US:Chase:Slate                      -120.00 USD
  Expenses:Transport:Tram                          120.00 USD

2014-06-26 * "Kin Soy" | "Eating out with Julie"
  Liabilities:US:Chase:Slate                       -54.46 USD
  Expenses:Food:Restaurant                          54.46 USD

2014-06-29 * "Corner Deli" | "Buying groceries"
  Liabilities:US:Chase:Slate                      -117.46 USD
  Expenses:Food:Groceries                          117.46 USD

2014-06-30 * "Jewel of Morroco" | "Eating out alone"
  Liabilities:US:Chase:Slate                       -18.18 USD
  Expenses:Food:Restaurant                          18.18 USD

2014-07-03 * "Rose Flower" | "Eating out after work"
  Liabilities:US:Chase:Slate                       -37.65 USD
  Expenses:Food:Restaurant                          37.65 USD

2014-07-06 balance Liabilities:US:Chase:Slate    -2784.43 USD

2014-07-06 * "Chichipotle" | "Eating out with Julie"
  Liabilities:US:Chase:Slate                       -34.70 USD
  Expenses:Food:Restaurant                          34.70 USD

2014-07-06 * "Corner Deli" | "Buying groceries"
  Liabilities:US:Chase:Slate                       -83.13 USD
  Expenses:Food:Groceries                           83.13 USD

2014-07-09 * "Chase:Slate" | "Paying off credit card"
  Liabilities:US:Chase:Slate                       778.82 USD
  Assets:US:BofA:Checking                         -778.82 USD

2014-07-11 * "Kin Soy" | "Eating out "
  Liabilities:US:Chase:Slate                       -62.04 USD
  Expenses:Food:Restaurant                          62.04 USD

2014-07-15 * "Uncle Boons" | "Eating out alone"
  Liabilities:US:Chase:Slate                       -20.26 USD
  Expenses:Food:Restaurant                          20.26 USD

2014-07-18 * "Cafe Modagor" | "Eating out "
  Liabilities:US:Chase:Slate                       -44.46 USD
  Expenses:Food:Restaurant                          44.46 USD

2014-07-21 * "Goba Goba" | "Eating out alone"
  Liabilities:US:Chase:Slate                       -37.62 USD
  Expenses:Food:Restaurant                          37.62 USD

2014-07-23 * "China Garden" | "Eating out with Bill"
  Liabilities:US:Chase:Slate                       -48.58 USD
  Expenses:Food:Restaurant                          48.58 USD

2014-07-23 * "Corner Deli" | "Buying groceries"
  Liabilities:US:Chase:Slate                      -117.68 USD
  Expenses:Food:Groceries                          117.68 USD

2014-07-24 * "China Garden" | "Eating out with Julie"
  Liabilities:US:Chase:Slate                       -30.24 USD
  Expenses:Food:Restaurant                          30.24 USD

2014-07-25 * "Metro Transport Authority" | "Tram tickets"
  Liabilities:US:Chase:Slate                      -120.00 USD
  Expenses:Transport:Tram                          120.00 USD

2014-07-26 * "Jewel of Morroco" | "Eating out with Joe"
  Liabilities:US:Chase:Slate                       -24.73 USD
  Expenses:Food:Restaurant                          24.73 USD

2014-07-28 * "Kin Soy" | "Eating out "
  Liabilities:US:Chase:Slate                       -28.32 USD
  Expenses:Food:Restaurant                          28.32 USD

2014-07-30 balance Liabilities:US:Chase:Slate    -2657.37 USD

2014-07-31 * "Jewel of Morroco" | "Eating out with work buddies"
  Liabilities:US:Chase:Slate                       -22.64 USD
  Expenses:Food:Restaurant                          22.64 USD

2014-08-02 * "Jewel of Morroco" | "Eating out with Bill"
  Liabilities:US:Chase:Slate                       -21.86 USD
  Expenses:Food:Restaurant                          21.86 USD

2014-08-03 * "China Garden" | "Eating out with Natasha"
  Liabilities:US:Chase:Slate                       -23.04 USD
  Expenses:Food:Restaurant                          23.04 USD

2014-08-04 * "Cafe Modagor" | "Eating out "
  Liabilities:US:Chase:Slate                       -29.75 USD
  Expenses:Food:Restaurant                          29.75 USD

2014-08-07 * "Jewel of Morroco" | "Eating out with Bill"
  Liabilities:US:Chase:Slate                       -37.46 USD
  Expenses:Food:Restaurant                          37.46 USD

2014-08-07 * "Corner Deli" | "Buying groceries"
  Liabilities:US:Chase:Slate                       -94.01 USD
  Expenses:Food:Groceries                           94.01 USD

2014-08-07 * "Chase:Slate" | "Paying off credit card"
  Liabilities:US:Chase:Slate                       606.64 USD
  Assets:US:BofA:Checking                         -606.64 USD

2014-08-09 * "Goba Goba" | "Eating out "
  Liabilities:US:Chase:Slate                       -39.35 USD
  Expenses:Food:Restaurant                          39.35 USD

2014-08-11 * "Goba Goba" | "Eating out with Bill"
  Liabilities:US:Chase:Slate                       -40.56 USD
  Expenses:Food:Restaurant                          40.56 USD

2014-08-12 * "Jewel of Morroco" | "Eating out with Joe"
  Liabilities:US:Chase:Slate                       -36.73 USD
  Expenses:Food:Restaurant                          36.73 USD

2014-08-13 * "Jewel of Morroco" | "Eating out alone"
  Liabilities:US:Chase:Slate                       -18.93 USD
  Expenses:Food:Restaurant                          18.93 USD

2014-08-14 * "Kin Soy" | "Eating out with Julie"
  Liabilities:US:Chase:Slate                       -24.08 USD
  Expenses:Food:Restaurant                          24.08 USD

2014-08-17 * "Corner Deli" | "Buying groceries"
  Liabilities:US:Chase:Slate                       -47.84 USD
  Expenses:Food:Groceries                           47.84 USD

2014-08-18 * "Jewel of Morroco" | "Eating out with Bill"
  Liabilities:US:Chase:Slate                       -11.02 USD
  Expenses:Food:Restaurant                          11.02 USD

2014-08-19 balance Liabilities:US:Chase:Slate    -2498.00 USD

2014-08-21 * "Kin Soy" | "Eating out with work buddies"
  Liabilities:US:Chase:Slate                       -46.39 USD
  Expenses:Food:Restaurant                          46.39 USD

2014-08-22 * "Uncle Boons" | "Eating out with work buddies"
  Liabilities:US:Chase:Slate                       -27.02 USD
  Expenses:Food:Restaurant                          27.02 USD

2014-08-23 * "Chichipotle" | "Eating out with Joe"
  Liabilities:US:Chase:Slate                       -25.39 USD
  Expenses:Food:Restaurant                          25.39 USD

2014-08-23 * "Metro Transport Authority" | "Tram tickets"
  Liabilities:US:Chase:Slate                      -120.00 USD
  Expenses:Transport:Tram                          120.00 USD

2014-08-26 * "Kin Soy" | "Eating out with Bill"
  Liabilities:US:Chase:Slate                       -30.97 USD
  Expenses:Food:Restaurant                          30.97 USD

2014-08-27 * "Kin Soy" | "Eating out "
  Liabilities:US:Chase:Slate                       -10.90 USD
  Expenses:Food:Restaurant                          10.90 USD

2014-08-31 * "Chichipotle" | "Eating out with work buddies"
  Liabilities:US:Chase:Slate                       -22.80 USD
  Expenses:Food:Restaurant                          22.80 USD

2014-09-02 * "Cafe Modagor" | "Eating out with Joe"
  Liabilities:US:Chase:Slate                       -35.57 USD
  Expenses:Food:Restaurant                          35.57 USD

2014-09-05 * "Corner Deli" | "Buying groceries"
  Liabilities:US:Chase:Slate                      -130.15 USD
  Expenses:Food:Groceries                          130.15 USD

2014-09-06 * "China Garden" | "Eating out alone"
  Liabilities:US:Chase:Slate                       -21.15 USD
  Expenses:Food:Restaurant                          21.15 USD

2014-09-08 balance Liabilities:US:Chase:Slate    -2968.34 USD

2014-09-08 * "Chichipotle" | "Eating out with Bill"
  Liabilities:US:Chase:Slate                       -21.03 USD
  Expenses:Food:Restaurant                          21.03 USD

2014-09-09 event "location" "New York"

2014-09-09 * "Chase:Slate" | "Paying off credit card"
  Liabilities:US:Chase:Slate                       825.72 USD
  Assets:US:BofA:Checking                         -825.72 USD

2014-09-10 * "Cafe Select" | "" #trip-new-york-2014
  Liabilities:US:Chase:Slate                       -24.28 USD
  Expenses:Food:Restaurant                          24.28 USD

2014-09-10 * "Takahachi" | "" #trip-new-york-2014
  Liabilities:US:Chase:Slate                       -51.15 USD
  Expenses:Food:Restaurant                          51.15 USD

2014-09-11 * "Takahachi" | "" #trip-new-york-2014
  Liabilities:US:Chase:Slate                       -52.62 USD
  Expenses:Food:Restaurant                          52.62 USD

2014-09-12 * "Laut" | "" #trip-new-york-2014
  Liabilities:US:Chase:Slate                       -30.68 USD
  Expenses:Food:Restaurant                          30.68 USD

2014-09-13 * "Cafe Select" | "" #trip-new-york-2014
  Liabilities:US:Chase:Slate                       -23.62 USD
  Expenses:Food:Restaurant                          23.62 USD

2014-09-13 * "Takahachi" | "" #trip-new-york-2014
  Liabilities:US:Chase:Slate                       -53.45 USD
  Expenses:Food:Restaurant                          53.45 USD

2014-09-13 * "Laut" | "" #trip-new-york-2014
  Liabilities:US:Chase:Slate                       -30.52 USD
  Expenses:Food:Restaurant                          30.52 USD

2014-09-13 * "Gimme! Coffee" | "" #trip-new-york-2014
  Liabilities:US:Chase:Slate                        -7.63 USD
  Expenses:Food:Coffee                               7.63 USD

2014-09-14 * "La Colombe" | "" #trip-new-york-2014
  Liabilities:US:Chase:Slate                        -5.82 USD
  Expenses:Food:Coffee                               5.82 USD

2014-09-15 * "Uncle Boons" | "" #trip-new-york-2014
  Liabilities:US:Chase:Slate                       -43.76 USD
  Expenses:Food:Restaurant                          43.76 USD

2014-09-15 * "Laut" | "" #trip-new-york-2014
  Liabilities:US:Chase:Slate                       -36.61 USD
  Expenses:Food:Restaurant                          36.61 USD

2014-09-17 * "La Colombe" | "" #trip-new-york-2014
  Liabilities:US:Chase:Slate                        -5.19 USD
  Expenses:Food:Coffee                               5.19 USD

2014-09-17 * "Gimme! Coffee" | "" #trip-new-york-2014
  Liabilities:US:Chase:Slate                        -7.33 USD
  Expenses:Food:Coffee                               7.33 USD

2014-09-18 * "La Colombe" | "" #trip-new-york-2014
  Liabilities:US:Chase:Slate                        -6.55 USD
  Expenses:Food:Coffee                               6.55 USD

2014-09-19 * "Takahachi" | "" #trip-new-york-2014
  Liabilities:US:Chase:Slate                       -52.13 USD
  Expenses:Food:Restaurant                          52.13 USD

2014-09-20 * "Laut" | "" #trip-new-york-2014
  Liabilities:US:Chase:Slate                       -35.55 USD
  Expenses:Food:Restaurant                          35.55 USD

2014-09-21 * "La Colombe" | "" #trip-new-york-2014
  Liabilities:US:Chase:Slate                        -6.22 USD
  Expenses:Food:Coffee                               6.22 USD

2014-09-22 event "location" "New Metropolis"

2014-09-23 * "China Garden" | "Eating out with Joe"
  Liabilities:US:Chase:Slate                       -21.83 USD
  Expenses:Food:Restaurant                          21.83 USD

2014-09-23 * "Good Moods Market" | "Buying groceries"
  Liabilities:US:Chase:Slate                       -78.44 USD
  Expenses:Food:Groceries                           78.44 USD

2014-09-23 * "Metro Transport Authority" | "Tram tickets"
  Liabilities:US:Chase:Slate                      -120.00 USD
  Expenses:Transport:Tram                          120.00 USD

2014-09-25 * "China Garden" | "Eating out "
  Liabilities:US:Chase:Slate                       -14.35 USD
  Expenses:Food:Restaurant                          14.35 USD

2014-09-28 * "Rose Flower" | "Eating out with Natasha"
  Liabilities:US:Chase:Slate                       -49.99 USD
  Expenses:Food:Restaurant                          49.99 USD

2014-09-29 * "Cafe Modagor" | "Eating out with Natasha"
  Liabilities:US:Chase:Slate                       -25.89 USD
  Expenses:Food:Restaurant                          25.89 USD

2014-10-04 balance Liabilities:US:Chase:Slate    -2947.26 USD

2014-10-04 * "Cafe Modagor" | "Eating out with Bill"
  Liabilities:US:Chase:Slate                       -41.00 USD
  Expenses:Food:Restaurant                          41.00 USD

2014-10-07 * "Chase:Slate" | "Paying off credit card"
  Liabilities:US:Chase:Slate                       349.09 USD
  Assets:US:BofA:Checking                         -349.09 USD

2014-10-08 * "Chichipotle" | "Eating out with Joe"
  Liabilities:US:Chase:Slate                       -19.42 USD
  Expenses:Food:Restaurant                          19.42 USD

2014-10-13 * "Kin Soy" | "Eating out "
  Liabilities:US:Chase:Slate                       -37.99 USD
  Expenses:Food:Restaurant                          37.99 USD

2014-10-13 * "Farmer Fresh" | "Buying groceries"
  Liabilities:US:Chase:Slate                       -68.15 USD
  Expenses:Food:Groceries                           68.15 USD

2014-10-18 * "Jewel of Morroco" | "Eating out with Joe"
  Liabilities:US:Chase:Slate                       -30.60 USD
  Expenses:Food:Restaurant                          30.60 USD

2014-10-23 * "Uncle Boons" | "Eating out after work"
  Liabilities:US:Chase:Slate                       -10.64 USD
  Expenses:Food:Restaurant                          10.64 USD

2014-10-26 * "Metro Transport Authority" | "Tram tickets"
  Liabilities:US:Chase:Slate                      -120.00 USD
  Expenses:Transport:Tram                          120.00 USD

2014-10-28 * "Uncle Boons" | "Eating out after work"
  Liabilities:US:Chase:Slate                       -21.16 USD
  Expenses:Food:Restaurant                          21.16 USD

2014-10-31 * "Chichipotle" | "Eating out after work"
  Liabilities:US:Chase:Slate                       -37.97 USD
  Expenses:Food:Restaurant                          37.97 USD

2014-10-31 * "Corner Deli" | "Buying groceries"
  Liabilities:US:Chase:Slate                       -65.70 USD
  Expenses:Food:Groceries                           65.70 USD

2014-11-01 balance Liabilities:US:Chase:Slate    -3050.80 USD

2014-11-01 * "Kin Soy" | "Eating out with Joe"
  Liabilities:US:Chase:Slate                       -23.72 USD
  Expenses:Food:Restaurant                          23.72 USD

2014-11-02 * "Kin Soy" | "Eating out alone"
  Liabilities:US:Chase:Slate                       -28.29 USD
  Expenses:Food:Restaurant                          28.29 USD

2014-11-07 * "Jewel of Morroco" | "Eating out "
  Liabilities:US:Chase:Slate                       -26.21 USD
  Expenses:Food:Restaurant                          26.21 USD

2014-11-11 * "Cafe Modagor" | "Eating out "
  Liabilities:US:Chase:Slate                       -26.75 USD
  Expenses:Food:Restaurant                          26.75 USD

2014-11-13 * "Jewel of Morroco" | "Eating out with work buddies"
  Liabilities:US:Chase:Slate                       -44.55 USD
  Expenses:Food:Restaurant                          44.55 USD

2014-11-15 * "Kin Soy" | "Eating out with work buddies"
  Liabilities:US:Chase:Slate                       -28.20 USD
  Expenses:Food:Restaurant                          28.20 USD

2014-11-19 * "Cafe Modagor" | "Eating out with Joe"
  Liabilities:US:Chase:Slate                       -27.88 USD
  Expenses:Food:Restaurant                          27.88 USD

2014-11-20 * "Kin Soy" | "Eating out with work buddies"
  Liabilities:US:Chase:Slate                       -22.22 USD
  Expenses:Food:Restaurant                          22.22 USD

2014-11-20 * "Farmer Fresh" | "Buying groceries"
  Liabilities:US:Chase:Slate                      -118.79 USD
  Expenses:Food:Groceries                          118.79 USD

2014-11-24 * "Goba Goba" | "Eating out alone"
  Liabilities:US:Chase:Slate                       -38.29 USD
  Expenses:Food:Restaurant                          38.29 USD

2014-11-24 * "Metro Transport Authority" | "Tram tickets"
  Liabilities:US:Chase:Slate                      -120.00 USD
  Expenses:Transport:Tram                          120.00 USD

2014-11-28 * "Uncle Boons" | "Eating out "
  Liabilities:US:Chase:Slate                       -48.50 USD
  Expenses:Food:Restaurant                          48.50 USD
* Taxable Investments

2012-01-01 open Assets:US:ETrade:Cash                       USD
2012-01-01 open Assets:US:ETrade:ITOT                       ITOT
2012-01-01 open Assets:US:ETrade:VEA                       VEA
2012-01-01 open Assets:US:ETrade:VHT                       VHT
2012-01-01 open Assets:US:ETrade:GLD                       GLD
2012-01-01 open Income:US:ETrade:Gains                      USD
2012-01-01 open Income:US:ETrade:Dividends                  USD

2012-08-18 * "Buy shares of VHT"
  Assets:US:ETrade:Cash                           -802.82 USD              
  Assets:US:ETrade:VHT                                  7 VHT {113.41 USD}
  Expenses:Financial:Commissions                     8.95 USD              

2012-08-18 * "Buy shares of GLD"
  Assets:US:ETrade:Cash                           -766.57 USD             
  Assets:US:ETrade:GLD                                  9 GLD {84.18 USD}
  Expenses:Financial:Commissions                     8.95 USD             

2012-08-18 * "Buy shares of ITOT"
  Assets:US:ETrade:Cash                           -721.10 USD              
  Assets:US:ETrade:ITOT                                 5 ITOT {142.43 USD}
  Expenses:Financial:Commissions                     8.95 USD              

2012-08-18 * "Buy shares of VEA"
  Assets:US:ETrade:Cash                           -680.77 USD              
  Assets:US:ETrade:VEA                                  3 VEA {223.94 USD}
  Expenses:Financial:Commissions                     8.95 USD              

2012-08-24 * "Sell shares of ITOT"
  Assets:US:ETrade:ITOT                                -5 ITOT {142.43 USD} @ 144.65 USD
  Assets:US:ETrade:Cash                            714.30 USD                           
  Expenses:Financial:Commissions                     8.95 USD                           
  Income:US:ETrade:Gains                           -11.10 USD                           

2012-09-03 * "Buy shares of VHT"
  Assets:US:ETrade:Cash                           -587.35 USD              
  Assets:US:ETrade:VHT                                  5 VHT {115.68 USD}
  Expenses:Financial:Commissions                     8.95 USD              

2012-09-03 * "Buy shares of GLD"
  Assets:US:ETrade:Cash                           -603.81 USD             
  Assets:US:ETrade:GLD                                  7 GLD {84.98 USD}
  Expenses:Financial:Commissions                     8.95 USD             

2012-09-17 * "Dividends on portfolio"
  Assets:US:ETrade:Cash                             16.43 USD
  Income:US:ETrade:Dividends                       -16.43 USD

2012-10-19 * "Buy shares of VHT"
  Assets:US:ETrade:Cash                          -1970.39 USD              
  Assets:US:ETrade:VHT                                 16 VHT {122.59 USD}
  Expenses:Financial:Commissions                     8.95 USD              

2012-10-19 * "Buy shares of GLD"
  Assets:US:ETrade:Cash                          -1991.78 USD             
  Assets:US:ETrade:GLD                                 23 GLD {86.21 USD}
  Expenses:Financial:Commissions                     8.95 USD             

2012-11-17 * "Sell shares of VHT"
  Assets:US:ETrade:VHT                                -16 VHT {122.59 USD} @ 121.77 USD
  Assets:US:ETrade:Cash                           1939.37 USD                           
  Expenses:Financial:Commissions                     8.95 USD                           
  Income:US:ETrade:Gains                            13.12 USD                           

2012-11-20 * "Buy shares of VHT"
  Assets:US:ETrade:Cash                           -496.03 USD              
  Assets:US:ETrade:VHT                                  4 VHT {121.77 USD}
  Expenses:Financial:Commissions                     8.95 USD              

2012-11-20 * "Buy shares of VEA"
  Assets:US:ETrade:Cash                           -463.23 USD              
  Assets:US:ETrade:VEA                                  2 VEA {227.14 USD}
  Expenses:Financial:Commissions                     8.95 USD              

2012-11-20 * "Buy shares of ITOT"
  Assets:US:ETrade:Cash                           -573.47 USD              
  Assets:US:ETrade:ITOT                                 4 ITOT {141.13 USD}
  Expenses:Financial:Commissions                     8.95 USD              

2012-12-17 * "Dividends on portfolio"
  Assets:US:ETrade:Cash                             38.24 USD
  Income:US:ETrade:Dividends                       -38.24 USD

2012-12-20 * "Sell shares of GLD"
  Assets:US:ETrade:GLD                                 -9 GLD {84.18 USD} @ 86.53 USD
  Assets:US:ETrade:Cash                            769.82 USD                         
  Expenses:Financial:Commissions                     8.95 USD                         
  Income:US:ETrade:Gains                           -21.15 USD                         

2012-12-22 * "Buy shares of VHT"
  Assets:US:ETrade:Cash                          -1364.23 USD              
  Assets:US:ETrade:VHT                                 12 VHT {112.94 USD}
  Expenses:Financial:Commissions                     8.95 USD              

2012-12-22 * "Buy shares of GLD"
  Assets:US:ETrade:Cash                          -1382.55 USD             
  Assets:US:ETrade:GLD                                 16 GLD {85.85 USD}
  Expenses:Financial:Commissions                     8.95 USD             

2012-12-22 * "Buy shares of ITOT"
  Assets:US:ETrade:Cash                          -1300.27 USD              
  Assets:US:ETrade:ITOT                                 9 ITOT {143.48 USD}
  Expenses:Financial:Commissions                     8.95 USD              

2012-12-22 * "Buy shares of VEA"
  Assets:US:ETrade:Cash                          -1396.21 USD              
  Assets:US:ETrade:VEA                                  6 VEA {231.21 USD}
  Expenses:Financial:Commissions                     8.95 USD              

2013-01-03 * "Sell shares of VHT"
  Assets:US:ETrade:VHT                                -12 VHT {112.94 USD} @ 116.89 USD
  Assets:US:ETrade:Cash                           1393.73 USD                           
  Expenses:Financial:Commissions                     8.95 USD                           
  Income:US:ETrade:Gains                           -47.40 USD                           

2013-01-05 * "Buy shares of VHT"
  Assets:US:ETrade:Cash                          -1666.41 USD              
  Assets:US:ETrade:VHT                                 14 VHT {118.39 USD}
  Expenses:Financial:Commissions                     8.95 USD              

2013-03-18 * "Dividends on portfolio"
  Assets:US:ETrade:Cash                             66.50 USD
  Income:US:ETrade:Dividends                       -66.50 USD

2013-06-18 * "Dividends on portfolio"
  Assets:US:ETrade:Cash                             66.50 USD
  Income:US:ETrade:Dividends                       -66.50 USD

2013-06-22 * "Sell shares of VHT"
  Assets:US:ETrade:VHT                                -14 VHT {118.39 USD} @ 132.29 USD
  Assets:US:ETrade:Cash                           1843.11 USD                           
  Expenses:Financial:Commissions                     8.95 USD                           
  Income:US:ETrade:Gains                          -194.60 USD                           

2013-07-09 * "Sell shares of GLD"
  Assets:US:ETrade:GLD                                 -7 GLD {84.98 USD} @ 90.58 USD
  Assets:US:ETrade:Cash                            625.11 USD                         
  Expenses:Financial:Commissions                     8.95 USD                         
  Income:US:ETrade:Gains                           -39.20 USD                         

2013-07-13 * "Sell shares of VHT"
  Assets:US:ETrade:VHT                                 -4 VHT {121.77 USD} @ 134.44 USD
  Assets:US:ETrade:Cash                            528.81 USD                           
  Expenses:Financial:Commissions                     8.95 USD                           
  Income:US:ETrade:Gains                           -50.68 USD                           

2013-07-22 * "Buy shares of GLD"
  Assets:US:ETrade:Cash                           -646.72 USD             
  Assets:US:ETrade:GLD                                  7 GLD {91.11 USD}
  Expenses:Financial:Commissions                     8.95 USD             

2013-07-22 * "Buy shares of VEA"
  Assets:US:ETrade:Cash                           -541.67 USD              
  Assets:US:ETrade:VEA                                  2 VEA {266.36 USD}
  Expenses:Financial:Commissions                     8.95 USD              

2013-07-22 * "Buy shares of VHT"
  Assets:US:ETrade:Cash                           -702.70 USD              
  Assets:US:ETrade:VHT                                  5 VHT {138.75 USD}
  Expenses:Financial:Commissions                     8.95 USD              

2013-07-22 * "Buy shares of ITOT"
  Assets:US:ETrade:Cash                           -629.11 USD              
  Assets:US:ETrade:ITOT                                 4 ITOT {155.04 USD}
  Expenses:Financial:Commissions                     8.95 USD              

2013-07-23 * "Sell shares of ITOT"
  Assets:US:ETrade:ITOT                                -4 ITOT {141.13 USD} @ 155.04 USD
  Assets:US:ETrade:Cash                            611.21 USD                           
  Expenses:Financial:Commissions                     8.95 USD                           
  Income:US:ETrade:Gains                           -55.64 USD                           

2013-07-27 * "Buy shares of GLD"
  Assets:US:ETrade:Cash                           -282.61 USD             
  Assets:US:ETrade:GLD                                  3 GLD {91.22 USD}
  Expenses:Financial:Commissions                     8.95 USD             

2013-07-27 * "Buy shares of ITOT"
  Assets:US:ETrade:Cash                           -162.10 USD              
  Assets:US:ETrade:ITOT                                 1 ITOT {153.15 USD}
  Expenses:Financial:Commissions                     8.95 USD              

2013-07-27 * "Buy shares of VEA"
  Assets:US:ETrade:Cash                           -273.38 USD              
  Assets:US:ETrade:VEA                                  1 VEA {264.43 USD}
  Expenses:Financial:Commissions                     8.95 USD              

2013-09-10 * "Buy shares of GLD"
  Assets:US:ETrade:Cash                          -1875.35 USD             
  Assets:US:ETrade:GLD                                 20 GLD {93.32 USD}
  Expenses:Financial:Commissions                     8.95 USD             

2013-09-10 * "Buy shares of VHT"
  Assets:US:ETrade:Cash                          -1814.95 USD              
  Assets:US:ETrade:VHT                                 14 VHT {129.00 USD}
  Expenses:Financial:Commissions                     8.95 USD              

2013-09-12 * "Sell shares of VEA"
  Assets:US:ETrade:VEA                                 -6 VEA {231.21 USD} @ 268.38 USD
  Assets:US:ETrade:Cash                           1601.33 USD                           
  Expenses:Financial:Commissions                     8.95 USD                           
  Income:US:ETrade:Gains                          -223.02 USD                           

2013-09-18 * "Dividends on portfolio"
  Assets:US:ETrade:Cash                             93.89 USD
  Income:US:ETrade:Dividends                       -93.89 USD

2013-09-25 * "Buy shares of VHT"
  Assets:US:ETrade:Cash                           -508.19 USD              
  Assets:US:ETrade:VHT                                  4 VHT {124.81 USD}
  Expenses:Financial:Commissions                     8.95 USD              

2013-09-25 * "Buy shares of VEA"
  Assets:US:ETrade:Cash                           -538.43 USD              
  Assets:US:ETrade:VEA                                  2 VEA {264.74 USD}
  Expenses:Financial:Commissions                     8.95 USD              

2013-09-25 * "Buy shares of ITOT"
  Assets:US:ETrade:Cash                           -474.52 USD              
  Assets:US:ETrade:ITOT                                 3 ITOT {155.19 USD}
  Expenses:Financial:Commissions                     8.95 USD              

2013-10-30 * "Buy shares of GLD"
  Assets:US:ETrade:Cash                          -2371.70 USD             
  Assets:US:ETrade:GLD                                 25 GLD {94.51 USD}
  Expenses:Financial:Commissions                     8.95 USD             

2013-10-30 * "Buy shares of ITOT"
  Assets:US:ETrade:Cash                          -2264.20 USD              
  Assets:US:ETrade:ITOT                                15 ITOT {150.35 USD}
  Expenses:Financial:Commissions                     8.95 USD              

2013-11-26 * "Buy shares of VEA"
  Assets:US:ETrade:Cash                           -815.11 USD              
  Assets:US:ETrade:VEA                                  3 VEA {268.72 USD}
  Expenses:Financial:Commissions                     8.95 USD              

2013-11-26 * "Buy shares of ITOT"
  Assets:US:ETrade:Cash                           -926.47 USD              
  Assets:US:ETrade:ITOT                                 6 ITOT {152.92 USD}
  Expenses:Financial:Commissions                     8.95 USD              

2013-11-26 * "Buy shares of GLD"
  Assets:US:ETrade:Cash                           -977.25 USD             
  Assets:US:ETrade:GLD                                 10 GLD {96.83 USD}
  Expenses:Financial:Commissions                     8.95 USD             

2013-11-26 * "Buy shares of VHT"
  Assets:US:ETrade:Cash                           -937.22 USD              
  Assets:US:ETrade:VHT                                  7 VHT {132.61 USD}
  Expenses:Financial:Commissions                     8.95 USD              

2013-12-14 * "Sell shares of VHT"
  Assets:US:ETrade:VHT                                 -5 VHT {138.75 USD} @ 129.82 USD
  Assets:US:ETrade:Cash                            640.15 USD                           
  Expenses:Financial:Commissions                     8.95 USD                           
  Income:US:ETrade:Gains                            44.65 USD                           

2013-12-17 * "Dividends on portfolio"
  Assets:US:ETrade:Cash                            132.82 USD
  Income:US:ETrade:Dividends                      -132.82 USD

2013-12-29 * "Sell shares of GLD"
  Assets:US:ETrade:GLD                                -23 GLD {86.21 USD} @ 95.09 USD
  Assets:US:ETrade:Cash                           2178.12 USD                         
  Expenses:Financial:Commissions                     8.95 USD                         
  Income:US:ETrade:Gains                          -204.24 USD                         

2014-01-10 * "Buy shares of ITOT"
  Assets:US:ETrade:Cash                           -781.15 USD              
  Assets:US:ETrade:ITOT                                 5 ITOT {154.44 USD}
  Expenses:Financial:Commissions                     8.95 USD              

2014-01-10 * "Buy shares of GLD"
  Assets:US:ETrade:Cash                           -777.83 USD             
  Assets:US:ETrade:GLD                                  8 GLD {96.11 USD}
  Expenses:Financial:Commissions                     8.95 USD             

2014-01-10 * "Buy shares of VHT"
  Assets:US:ETrade:Cash                           -755.65 USD              
  Assets:US:ETrade:VHT                                  6 VHT {124.45 USD}
  Expenses:Financial:Commissions                     8.95 USD              

2014-01-10 * "Buy shares of VEA"
  Assets:US:ETrade:Cash                           -558.63 USD              
  Assets:US:ETrade:VEA                                  2 VEA {274.84 USD}
  Expenses:Financial:Commissions                     8.95 USD              

2014-02-25 * "Sell shares of VEA"
  Assets:US:ETrade:VEA                                 -3 VEA {223.94 USD} @ 284.63 USD
  Assets:US:ETrade:Cash                            844.94 USD                           
  Expenses:Financial:Commissions                     8.95 USD                           
  Income:US:ETrade:Gains                          -182.07 USD                           

2014-03-08 * "Buy shares of VEA"
  Assets:US:ETrade:Cash                           -568.69 USD              
  Assets:US:ETrade:VEA                                  2 VEA {279.87 USD}
  Expenses:Financial:Commissions                     8.95 USD              

2014-03-08 * "Buy shares of VHT"
  Assets:US:ETrade:Cash                           -514.83 USD              
  Assets:US:ETrade:VHT                                  4 VHT {126.47 USD}
  Expenses:Financial:Commissions                     8.95 USD              

2014-03-18 * "Dividends on portfolio"
  Assets:US:ETrade:Cash                            148.43 USD
  Income:US:ETrade:Dividends                      -148.43 USD

2014-06-08 * "Sell shares of GLD"
  Assets:US:ETrade:GLD                                -16 GLD {85.85 USD} @ 99.10 USD
  Assets:US:ETrade:Cash                           1576.65 USD                         
  Expenses:Financial:Commissions                     8.95 USD                         
  Income:US:ETrade:Gains                          -212.00 USD                         

2014-06-10 * "Buy shares of GLD"
  Assets:US:ETrade:Cash                           -504.45 USD             
  Assets:US:ETrade:GLD                                  5 GLD {99.10 USD}
  Expenses:Financial:Commissions                     8.95 USD             

2014-06-10 * "Buy shares of VHT"
  Assets:US:ETrade:Cash                           -490.03 USD              
  Assets:US:ETrade:VHT                                  4 VHT {120.27 USD}
  Expenses:Financial:Commissions                     8.95 USD              

2014-06-10 * "Buy shares of VEA"
  Assets:US:ETrade:Cash                           -307.80 USD              
  Assets:US:ETrade:VEA                                  1 VEA {298.85 USD}
  Expenses:Financial:Commissions                     8.95 USD              

2014-06-18 * "Dividends on portfolio"
  Assets:US:ETrade:Cash                            153.53 USD
  Income:US:ETrade:Dividends                      -153.53 USD

2014-08-08 * "Sell shares of GLD"
  Assets:US:ETrade:GLD                                -25 GLD {94.51 USD} @ 102.39 USD
  Assets:US:ETrade:Cash                           2550.80 USD                          
  Expenses:Financial:Commissions                     8.95 USD                          
  Income:US:ETrade:Gains                          -197.00 USD                          

2014-08-10 * "Buy shares of VEA"
  Assets:US:ETrade:Cash                          -1250.35 USD              
  Assets:US:ETrade:VEA                                  4 VEA {310.35 USD}
  Expenses:Financial:Commissions                     8.95 USD              

2014-08-10 * "Buy shares of VHT"
  Assets:US:ETrade:Cash                          -1472.71 USD              
  Assets:US:ETrade:VHT                                 12 VHT {121.98 USD}
  Expenses:Financial:Commissions                     8.95 USD              

2014-08-20 * "Buy shares of GLD"
  Assets:US:ETrade:Cash                          -1028.15 USD              
  Assets:US:ETrade:GLD                                 10 GLD {101.92 USD}
  Expenses:Financial:Commissions                     8.95 USD              

2014-08-20 * "Buy shares of VHT"
  Assets:US:ETrade:Cash                          -1105.24 USD              
  Assets:US:ETrade:VHT                                  9 VHT {121.81 USD}
  Expenses:Financial:Commissions                     8.95 USD              

2014-08-20 * "Buy shares of VEA"
  Assets:US:ETrade:Cash                           -940.27 USD              
  Assets:US:ETrade:VEA                                  3 VEA {310.44 USD}
  Expenses:Financial:Commissions                     8.95 USD              

2014-09-18 * "Dividends on portfolio"
  Assets:US:ETrade:Cash                            176.54 USD
  Income:US:ETrade:Dividends                      -176.54 USD

2014-10-17 * "Buy shares of ITOT"
  Assets:US:ETrade:Cash                          -1033.69 USD              
  Assets:US:ETrade:ITOT                                 6 ITOT {170.79 USD}
  Expenses:Financial:Commissions                     8.95 USD              

2014-10-17 * "Buy shares of GLD"
  Assets:US:ETrade:Cash                          -1011.35 USD              
  Assets:US:ETrade:GLD                                 10 GLD {100.24 USD}
  Expenses:Financial:Commissions                     8.95 USD              

2014-10-17 * "Buy shares of VHT"
  Assets:US:ETrade:Cash                           -999.19 USD              
  Assets:US:ETrade:VHT                                  8 VHT {123.78 USD}
  Expenses:Financial:Commissions                     8.95 USD              

2014-10-17 * "Buy shares of VEA"
  Assets:US:ETrade:Cash                           -909.04 USD              
  Assets:US:ETrade:VEA                                  3 VEA {300.03 USD}
  Expenses:Financial:Commissions                     8.95 USD              
* Vanguard Investments

2012-01-01 open Assets:US:Vanguard:Cash                       USD
2012-01-01 open Assets:US:Vanguard:VBMPX                     VBMPX
2012-01-01 open Assets:US:Vanguard:RGAGX                     RGAGX
2012-01-01 open Income:US:Hoogle:Match401k                   USD

2012-01-06 * "Employer match for contribution"
  Assets:US:Vanguard:Cash                          600.00 USD
  Income:US:Hoogle:Match401k                      -600.00 USD

2012-01-09 * "Investing 40% of cash in VBMPX"
  Assets:US:Vanguard:VBMPX                          5.891 VBMPX {81.48 USD}
  Assets:US:Vanguard:Cash                         -480.00 USD               

2012-01-09 * "Investing 60% of cash in RGAGX"
  Assets:US:Vanguard:RGAGX                          6.673 RGAGX {107.90 USD}
  Assets:US:Vanguard:Cash                         -720.02 USD                

2012-01-09 * "Investing 40% of cash in VBMPX"
  Assets:US:Vanguard:VBMPX                          2.945 VBMPX {81.48 USD}
  Assets:US:Vanguard:Cash                         -239.96 USD               

2012-01-09 * "Investing 60% of cash in RGAGX"
  Assets:US:Vanguard:RGAGX                          3.336 RGAGX {107.90 USD}
  Assets:US:Vanguard:Cash                         -359.95 USD                

2012-01-20 * "Employer match for contribution"
  Assets:US:Vanguard:Cash                          600.00 USD
  Income:US:Hoogle:Match401k                      -600.00 USD

2012-01-23 * "Investing 40% of cash in VBMPX"
  Assets:US:Vanguard:VBMPX                          5.887 VBMPX {81.54 USD}
  Assets:US:Vanguard:Cash                         -480.03 USD               

2012-01-23 * "Investing 60% of cash in RGAGX"
  Assets:US:Vanguard:RGAGX                          6.786 RGAGX {106.10 USD}
  Assets:US:Vanguard:Cash                         -719.99 USD                

2012-01-23 * "Investing 40% of cash in VBMPX"
  Assets:US:Vanguard:VBMPX                          2.944 VBMPX {81.54 USD}
  Assets:US:Vanguard:Cash                         -240.05 USD               

2012-01-23 * "Investing 60% of cash in RGAGX"
  Assets:US:Vanguard:RGAGX                          3.393 RGAGX {106.10 USD}
  Assets:US:Vanguard:Cash                         -360.00 USD                

2012-02-03 * "Employer match for contribution"
  Assets:US:Vanguard:Cash                          600.00 USD
  Income:US:Hoogle:Match401k                      -600.00 USD

2012-02-06 * "Investing 40% of cash in VBMPX"
  Assets:US:Vanguard:VBMPX                          5.907 VBMPX {81.26 USD}
  Assets:US:Vanguard:Cash                         -480.00 USD               

2012-02-06 * "Investing 60% of cash in RGAGX"
  Assets:US:Vanguard:RGAGX                          6.684 RGAGX {107.72 USD}
  Assets:US:Vanguard:Cash                         -720.00 USD                

2012-02-06 * "Investing 40% of cash in VBMPX"
  Assets:US:Vanguard:VBMPX                          2.953 VBMPX {81.26 USD}
  Assets:US:Vanguard:Cash                         -239.96 USD               

2012-02-06 * "Investing 60% of cash in RGAGX"
  Assets:US:Vanguard:RGAGX                          3.342 RGAGX {107.72 USD}
  Assets:US:Vanguard:Cash                         -360.00 USD                

2012-02-17 * "Employer match for contribution"
  Assets:US:Vanguard:Cash                          600.00 USD
  Income:US:Hoogle:Match401k                      -600.00 USD

2012-02-20 * "Investing 40% of cash in VBMPX"
  Assets:US:Vanguard:VBMPX                          5.980 VBMPX {80.27 USD}
  Assets:US:Vanguard:Cash                         -480.01 USD               

2012-02-20 * "Investing 60% of cash in RGAGX"
  Assets:US:Vanguard:RGAGX                          6.610 RGAGX {108.93 USD}
  Assets:US:Vanguard:Cash                         -720.03 USD                

2012-02-20 * "Investing 40% of cash in VBMPX"
  Assets:US:Vanguard:VBMPX                          2.990 VBMPX {80.27 USD}
  Assets:US:Vanguard:Cash                         -240.01 USD               

2012-02-20 * "Investing 60% of cash in RGAGX"
  Assets:US:Vanguard:RGAGX                          3.305 RGAGX {108.93 USD}
  Assets:US:Vanguard:Cash                         -360.01 USD                

2012-03-02 * "Employer match for contribution"
  Assets:US:Vanguard:Cash                          600.00 USD
  Income:US:Hoogle:Match401k                      -600.00 USD

2012-03-05 * "Investing 40% of cash in VBMPX"
  Assets:US:Vanguard:VBMPX                          5.771 VBMPX {83.18 USD}
  Assets:US:Vanguard:Cash                         -480.03 USD               

2012-03-05 * "Investing 60% of cash in RGAGX"
  Assets:US:Vanguard:RGAGX                          6.424 RGAGX {112.08 USD}
  Assets:US:Vanguard:Cash                         -720.00 USD                

2012-03-05 * "Investing 40% of cash in VBMPX"
  Assets:US:Vanguard:VBMPX                          2.885 VBMPX {83.18 USD}
  Assets:US:Vanguard:Cash                         -239.97 USD               

2012-03-05 * "Investing 60% of cash in RGAGX"
  Assets:US:Vanguard:RGAGX                          3.212 RGAGX {112.08 USD}
  Assets:US:Vanguard:Cash                         -360.00 USD                

2012-03-16 * "Employer match for contribution"
  Assets:US:Vanguard:Cash                          600.00 USD
  Income:US:Hoogle:Match401k                      -600.00 USD

2012-03-19 * "Investing 40% of cash in VBMPX"
  Assets:US:Vanguard:VBMPX                          5.767 VBMPX {83.23 USD}
  Assets:US:Vanguard:Cash                         -479.99 USD               

2012-03-19 * "Investing 60% of cash in RGAGX"
  Assets:US:Vanguard:RGAGX                          6.259 RGAGX {115.04 USD}
  Assets:US:Vanguard:Cash                         -720.04 USD                

2012-03-19 * "Investing 40% of cash in VBMPX"
  Assets:US:Vanguard:VBMPX                          2.883 VBMPX {83.23 USD}
  Assets:US:Vanguard:Cash                         -239.95 USD               

2012-03-19 * "Investing 60% of cash in RGAGX"
  Assets:US:Vanguard:RGAGX                          3.129 RGAGX {115.04 USD}
  Assets:US:Vanguard:Cash                         -359.96 USD                

2012-03-30 * "Employer match for contribution"
  Assets:US:Vanguard:Cash                          600.00 USD
  Income:US:Hoogle:Match401k                      -600.00 USD

2012-04-02 * "Investing 40% of cash in VBMPX"
  Assets:US:Vanguard:VBMPX                          5.804 VBMPX {82.71 USD}
  Assets:US:Vanguard:Cash                         -480.05 USD               

2012-04-02 * "Investing 60% of cash in RGAGX"
  Assets:US:Vanguard:RGAGX                          6.528 RGAGX {110.29 USD}
  Assets:US:Vanguard:Cash                         -719.97 USD                

2012-04-02 * "Investing 40% of cash in VBMPX"
  Assets:US:Vanguard:VBMPX                          2.902 VBMPX {82.71 USD}
  Assets:US:Vanguard:Cash                         -240.02 USD               

2012-04-02 * "Investing 60% of cash in RGAGX"
  Assets:US:Vanguard:RGAGX                          3.264 RGAGX {110.29 USD}
  Assets:US:Vanguard:Cash                         -359.99 USD                

2012-04-13 * "Employer match for contribution"
  Assets:US:Vanguard:Cash                          600.00 USD
  Income:US:Hoogle:Match401k                      -600.00 USD

2012-04-16 * "Investing 40% of cash in VBMPX"
  Assets:US:Vanguard:VBMPX                          5.973 VBMPX {80.36 USD}
  Assets:US:Vanguard:Cash                         -479.99 USD               

2012-04-16 * "Investing 60% of cash in RGAGX"
  Assets:US:Vanguard:RGAGX                          6.631 RGAGX {108.58 USD}
  Assets:US:Vanguard:Cash                         -719.99 USD                

2012-04-16 * "Investing 40% of cash in VBMPX"
  Assets:US:Vanguard:VBMPX                          2.987 VBMPX {80.36 USD}
  Assets:US:Vanguard:Cash                         -240.04 USD               

2012-04-16 * "Investing 60% of cash in RGAGX"
  Assets:US:Vanguard:RGAGX                          3.316 RGAGX {108.58 USD}
  Assets:US:Vanguard:Cash                         -360.05 USD                

2012-04-27 * "Employer match for contribution"
  Assets:US:Vanguard:Cash                          600.00 USD
  Income:US:Hoogle:Match401k                      -600.00 USD

2012-04-30 * "Investing 40% of cash in VBMPX"
  Assets:US:Vanguard:VBMPX                          5.931 VBMPX {80.93 USD}
  Assets:US:Vanguard:Cash                         -480.00 USD               

2012-04-30 * "Investing 60% of cash in RGAGX"
  Assets:US:Vanguard:RGAGX                          6.602 RGAGX {109.06 USD}
  Assets:US:Vanguard:Cash                         -720.01 USD                

2012-04-30 * "Investing 40% of cash in VBMPX"
  Assets:US:Vanguard:VBMPX                          2.965 VBMPX {80.93 USD}
  Assets:US:Vanguard:Cash                         -239.96 USD               

2012-04-30 * "Investing 60% of cash in RGAGX"
  Assets:US:Vanguard:RGAGX                          3.301 RGAGX {109.06 USD}
  Assets:US:Vanguard:Cash                         -360.01 USD                

2012-05-11 * "Employer match for contribution"
  Assets:US:Vanguard:Cash                          600.00 USD
  Income:US:Hoogle:Match401k                      -600.00 USD

2012-05-14 * "Investing 40% of cash in VBMPX"
  Assets:US:Vanguard:VBMPX                          6.087 VBMPX {78.86 USD}
  Assets:US:Vanguard:Cash                         -480.02 USD               

2012-05-14 * "Investing 60% of cash in RGAGX"
  Assets:US:Vanguard:RGAGX                          6.785 RGAGX {106.12 USD}
  Assets:US:Vanguard:Cash                         -720.02 USD                

2012-05-14 * "Investing 40% of cash in VBMPX"
  Assets:US:Vanguard:VBMPX                          3.043 VBMPX {78.86 USD}
  Assets:US:Vanguard:Cash                         -239.97 USD               

2012-05-14 * "Investing 60% of cash in RGAGX"
  Assets:US:Vanguard:RGAGX                          3.392 RGAGX {106.12 USD}
  Assets:US:Vanguard:Cash                         -359.96 USD                

2012-05-25 * "Employer match for contribution"
  Assets:US:Vanguard:Cash                          600.00 USD
  Income:US:Hoogle:Match401k                      -600.00 USD

2012-05-28 * "Investing 40% of cash in VBMPX"
  Assets:US:Vanguard:VBMPX                          6.248 VBMPX {76.83 USD}
  Assets:US:Vanguard:Cash                         -480.03 USD               

2012-05-28 * "Investing 60% of cash in RGAGX"
  Assets:US:Vanguard:RGAGX                          6.586 RGAGX {109.32 USD}
  Assets:US:Vanguard:Cash                         -719.98 USD                

2012-05-28 * "Investing 40% of cash in VBMPX"
  Assets:US:Vanguard:VBMPX                          3.124 VBMPX {76.83 USD}
  Assets:US:Vanguard:Cash                         -240.02 USD               

2012-05-28 * "Investing 60% of cash in RGAGX"
  Assets:US:Vanguard:RGAGX                          3.293 RGAGX {109.32 USD}
  Assets:US:Vanguard:Cash                         -359.99 USD                

2012-06-08 * "Employer match for contribution"
  Assets:US:Vanguard:Cash                          600.00 USD
  Income:US:Hoogle:Match401k                      -600.00 USD

2012-06-11 * "Investing 40% of cash in VBMPX"
  Assets:US:Vanguard:VBMPX                          6.330 VBMPX {75.83 USD}
  Assets:US:Vanguard:Cash                         -480.00 USD               

2012-06-11 * "Investing 60% of cash in RGAGX"
  Assets:US:Vanguard:RGAGX                          6.669 RGAGX {107.96 USD}
  Assets:US:Vanguard:Cash                         -719.99 USD                

2012-06-11 * "Investing 40% of cash in VBMPX"
  Assets:US:Vanguard:VBMPX                          3.165 VBMPX {75.83 USD}
  Assets:US:Vanguard:Cash                         -240.00 USD               

2012-06-11 * "Investing 60% of cash in RGAGX"
  Assets:US:Vanguard:RGAGX                          3.334 RGAGX {107.96 USD}
  Assets:US:Vanguard:Cash                         -359.94 USD                

2012-06-22 * "Employer match for contribution"
  Assets:US:Vanguard:Cash                          600.00 USD
  Income:US:Hoogle:Match401k                      -600.00 USD

2012-06-25 * "Investing 40% of cash in VBMPX"
  Assets:US:Vanguard:VBMPX                          5.996 VBMPX {80.05 USD}
  Assets:US:Vanguard:Cash                         -479.98 USD               

2012-06-25 * "Investing 60% of cash in RGAGX"
  Assets:US:Vanguard:RGAGX                          6.716 RGAGX {107.21 USD}
  Assets:US:Vanguard:Cash                         -720.02 USD                

2012-06-25 * "Investing 40% of cash in VBMPX"
  Assets:US:Vanguard:VBMPX                          2.998 VBMPX {80.05 USD}
  Assets:US:Vanguard:Cash                         -239.99 USD               

2012-06-25 * "Investing 60% of cash in RGAGX"
  Assets:US:Vanguard:RGAGX                          3.358 RGAGX {107.21 USD}
  Assets:US:Vanguard:Cash                         -360.01 USD                

2012-07-06 * "Employer match for contribution"
  Assets:US:Vanguard:Cash                          600.00 USD
  Income:US:Hoogle:Match401k                      -600.00 USD

2012-07-09 * "Investing 40% of cash in VBMPX"
  Assets:US:Vanguard:VBMPX                          5.842 VBMPX {82.17 USD}
  Assets:US:Vanguard:Cash                         -480.04 USD               

2012-07-09 * "Investing 60% of cash in RGAGX"
  Assets:US:Vanguard:RGAGX                          6.717 RGAGX {107.20 USD}
  Assets:US:Vanguard:Cash                         -720.06 USD                

2012-07-09 * "Investing 40% of cash in VBMPX"
  Assets:US:Vanguard:VBMPX                          2.920 VBMPX {82.17 USD}
  Assets:US:Vanguard:Cash                         -239.94 USD               

2012-07-09 * "Investing 60% of cash in RGAGX"
  Assets:US:Vanguard:RGAGX                          3.358 RGAGX {107.20 USD}
  Assets:US:Vanguard:Cash                         -359.98 USD                

2012-07-20 * "Employer match for contribution"
  Assets:US:Vanguard:Cash                          100.00 USD
  Income:US:Hoogle:Match401k                      -100.00 USD

2012-07-23 * "Investing 40% of cash in VBMPX"
  Assets:US:Vanguard:VBMPX                          0.994 VBMPX {80.50 USD}
  Assets:US:Vanguard:Cash                          -80.02 USD               

2012-07-23 * "Investing 60% of cash in RGAGX"
  Assets:US:Vanguard:RGAGX                          1.106 RGAGX {108.52 USD}
  Assets:US:Vanguard:Cash                         -120.02 USD                

2012-07-23 * "Investing 40% of cash in VBMPX"
  Assets:US:Vanguard:VBMPX                          0.497 VBMPX {80.50 USD}
  Assets:US:Vanguard:Cash                          -40.01 USD               

2012-07-23 * "Investing 60% of cash in RGAGX"
  Assets:US:Vanguard:RGAGX                          0.553 RGAGX {108.52 USD}
  Assets:US:Vanguard:Cash                          -60.01 USD                

2013-01-04 * "Employer match for contribution"
  Assets:US:Vanguard:Cash                          600.00 USD
  Income:US:Hoogle:Match401k                      -600.00 USD

2013-01-07 * "Investing 40% of cash in VBMPX"
  Assets:US:Vanguard:VBMPX                          5.848 VBMPX {82.08 USD}
  Assets:US:Vanguard:Cash                         -480.00 USD               

2013-01-07 * "Investing 60% of cash in RGAGX"
  Assets:US:Vanguard:RGAGX                          7.353 RGAGX {97.92 USD}
  Assets:US:Vanguard:Cash                         -720.01 USD               

2013-01-07 * "Investing 40% of cash in VBMPX"
  Assets:US:Vanguard:VBMPX                          2.924 VBMPX {82.08 USD}
  Assets:US:Vanguard:Cash                         -240.00 USD               

2013-01-07 * "Investing 60% of cash in RGAGX"
  Assets:US:Vanguard:RGAGX                          3.676 RGAGX {97.92 USD}
  Assets:US:Vanguard:Cash                         -359.95 USD               

2013-01-18 * "Employer match for contribution"
  Assets:US:Vanguard:Cash                          600.00 USD
  Income:US:Hoogle:Match401k                      -600.00 USD

2013-01-21 * "Investing 40% of cash in VBMPX"
  Assets:US:Vanguard:VBMPX                          5.733 VBMPX {83.72 USD}
  Assets:US:Vanguard:Cash                         -479.97 USD               

2013-01-21 * "Investing 60% of cash in RGAGX"
  Assets:US:Vanguard:RGAGX                          7.478 RGAGX {96.28 USD}
  Assets:US:Vanguard:Cash                         -719.98 USD               

2013-01-21 * "Investing 40% of cash in VBMPX"
  Assets:US:Vanguard:VBMPX                          2.867 VBMPX {83.72 USD}
  Assets:US:Vanguard:Cash                         -240.03 USD               

2013-01-21 * "Investing 60% of cash in RGAGX"
  Assets:US:Vanguard:RGAGX                          3.739 RGAGX {96.28 USD}
  Assets:US:Vanguard:Cash                         -359.99 USD               

2013-02-01 * "Employer match for contribution"
  Assets:US:Vanguard:Cash                          600.00 USD
  Income:US:Hoogle:Match401k                      -600.00 USD

2013-02-04 * "Investing 40% of cash in VBMPX"
  Assets:US:Vanguard:VBMPX                          5.894 VBMPX {81.44 USD}
  Assets:US:Vanguard:Cash                         -480.01 USD               

2013-02-04 * "Investing 60% of cash in RGAGX"
  Assets:US:Vanguard:RGAGX                          7.411 RGAGX {97.16 USD}
  Assets:US:Vanguard:Cash                         -720.05 USD               

2013-02-04 * "Investing 40% of cash in VBMPX"
  Assets:US:Vanguard:VBMPX                          2.947 VBMPX {81.44 USD}
  Assets:US:Vanguard:Cash                         -240.00 USD               

2013-02-04 * "Investing 60% of cash in RGAGX"
  Assets:US:Vanguard:RGAGX                          3.705 RGAGX {97.16 USD}
  Assets:US:Vanguard:Cash                         -359.98 USD               

2013-02-15 * "Employer match for contribution"
  Assets:US:Vanguard:Cash                          600.00 USD
  Income:US:Hoogle:Match401k                      -600.00 USD

2013-02-18 * "Investing 40% of cash in VBMPX"
  Assets:US:Vanguard:VBMPX                          5.849 VBMPX {82.06 USD}
  Assets:US:Vanguard:Cash                         -479.97 USD               

2013-02-18 * "Investing 60% of cash in RGAGX"
  Assets:US:Vanguard:RGAGX                          7.360 RGAGX {97.83 USD}
  Assets:US:Vanguard:Cash                         -720.03 USD               

2013-02-18 * "Investing 40% of cash in VBMPX"
  Assets:US:Vanguard:VBMPX                          2.925 VBMPX {82.06 USD}
  Assets:US:Vanguard:Cash                         -240.03 USD               

2013-02-18 * "Investing 60% of cash in RGAGX"
  Assets:US:Vanguard:RGAGX                          3.680 RGAGX {97.83 USD}
  Assets:US:Vanguard:Cash                         -360.01 USD               

2013-03-01 * "Employer match for contribution"
  Assets:US:Vanguard:Cash                          600.00 USD
  Income:US:Hoogle:Match401k                      -600.00 USD

2013-03-04 * "Investing 40% of cash in VBMPX"
  Assets:US:Vanguard:VBMPX                          5.809 VBMPX {82.62 USD}
  Assets:US:Vanguard:Cash                         -479.94 USD               

2013-03-04 * "Investing 60% of cash in RGAGX"
  Assets:US:Vanguard:RGAGX                          7.385 RGAGX {97.49 USD}
  Assets:US:Vanguard:Cash                         -719.96 USD               

2013-03-04 * "Investing 40% of cash in VBMPX"
  Assets:US:Vanguard:VBMPX                          2.905 VBMPX {82.62 USD}
  Assets:US:Vanguard:Cash                         -240.01 USD               

2013-03-04 * "Investing 60% of cash in RGAGX"
  Assets:US:Vanguard:RGAGX                          3.693 RGAGX {97.49 USD}
  Assets:US:Vanguard:Cash                         -360.03 USD               

2013-03-15 * "Employer match for contribution"
  Assets:US:Vanguard:Cash                          600.00 USD
  Income:US:Hoogle:Match401k                      -600.00 USD

2013-03-18 * "Investing 40% of cash in VBMPX"
  Assets:US:Vanguard:VBMPX                          5.689 VBMPX {84.38 USD}
  Assets:US:Vanguard:Cash                         -480.04 USD               

2013-03-18 * "Investing 60% of cash in RGAGX"
  Assets:US:Vanguard:RGAGX                          7.513 RGAGX {95.83 USD}
  Assets:US:Vanguard:Cash                         -719.97 USD               

2013-03-18 * "Investing 40% of cash in VBMPX"
  Assets:US:Vanguard:VBMPX                          2.844 VBMPX {84.38 USD}
  Assets:US:Vanguard:Cash                         -239.98 USD               

2013-03-18 * "Investing 60% of cash in RGAGX"
  Assets:US:Vanguard:RGAGX                          3.757 RGAGX {95.83 USD}
  Assets:US:Vanguard:Cash                         -360.03 USD               

2013-03-29 * "Employer match for contribution"
  Assets:US:Vanguard:Cash                          600.00 USD
  Income:US:Hoogle:Match401k                      -600.00 USD

2013-04-01 * "Investing 40% of cash in VBMPX"
  Assets:US:Vanguard:VBMPX                          5.615 VBMPX {85.48 USD}
  Assets:US:Vanguard:Cash                         -479.97 USD               

2013-04-01 * "Investing 60% of cash in RGAGX"
  Assets:US:Vanguard:RGAGX                          7.451 RGAGX {96.63 USD}
  Assets:US:Vanguard:Cash                         -719.99 USD               

2013-04-01 * "Investing 40% of cash in VBMPX"
  Assets:US:Vanguard:VBMPX                          2.808 VBMPX {85.48 USD}
  Assets:US:Vanguard:Cash                         -240.03 USD               

2013-04-01 * "Investing 60% of cash in RGAGX"
  Assets:US:Vanguard:RGAGX                          3.726 RGAGX {96.63 USD}
  Assets:US:Vanguard:Cash                         -360.04 USD               

2013-04-12 * "Employer match for contribution"
  Assets:US:Vanguard:Cash                          600.00 USD
  Income:US:Hoogle:Match401k                      -600.00 USD

2013-04-15 * "Investing 40% of cash in VBMPX"
  Assets:US:Vanguard:VBMPX                          5.717 VBMPX {83.95 USD}
  Assets:US:Vanguard:Cash                         -479.94 USD               

2013-04-15 * "Investing 60% of cash in RGAGX"
  Assets:US:Vanguard:RGAGX                          7.387 RGAGX {97.46 USD}
  Assets:US:Vanguard:Cash                         -719.94 USD               

2013-04-15 * "Investing 40% of cash in VBMPX"
  Assets:US:Vanguard:VBMPX                          2.859 VBMPX {83.95 USD}
  Assets:US:Vanguard:Cash                         -240.01 USD               

2013-04-15 * "Investing 60% of cash in RGAGX"
  Assets:US:Vanguard:RGAGX                          3.694 RGAGX {97.46 USD}
  Assets:US:Vanguard:Cash                         -360.02 USD               

2013-04-26 * "Employer match for contribution"
  Assets:US:Vanguard:Cash                          600.00 USD
  Income:US:Hoogle:Match401k                      -600.00 USD

2013-04-29 * "Investing 40% of cash in VBMPX"
  Assets:US:Vanguard:VBMPX                          5.557 VBMPX {86.38 USD}
  Assets:US:Vanguard:Cash                         -480.01 USD               

2013-04-29 * "Investing 60% of cash in RGAGX"
  Assets:US:Vanguard:RGAGX                          7.499 RGAGX {96.02 USD}
  Assets:US:Vanguard:Cash                         -720.05 USD               

2013-04-29 * "Investing 40% of cash in VBMPX"
  Assets:US:Vanguard:VBMPX                          2.778 VBMPX {86.38 USD}
  Assets:US:Vanguard:Cash                         -239.96 USD               

2013-04-29 * "Investing 60% of cash in RGAGX"
  Assets:US:Vanguard:RGAGX                          3.749 RGAGX {96.02 USD}
  Assets:US:Vanguard:Cash                         -359.98 USD               

2013-05-10 * "Employer match for contribution"
  Assets:US:Vanguard:Cash                          600.00 USD
  Income:US:Hoogle:Match401k                      -600.00 USD

2013-05-13 * "Investing 40% of cash in VBMPX"
  Assets:US:Vanguard:VBMPX                          5.393 VBMPX {89.00 USD}
  Assets:US:Vanguard:Cash                         -479.98 USD               

2013-05-13 * "Investing 60% of cash in RGAGX"
  Assets:US:Vanguard:RGAGX                          7.386 RGAGX {97.49 USD}
  Assets:US:Vanguard:Cash                         -720.06 USD               

2013-05-13 * "Investing 40% of cash in VBMPX"
  Assets:US:Vanguard:VBMPX                          2.697 VBMPX {89.00 USD}
  Assets:US:Vanguard:Cash                         -240.03 USD               

2013-05-13 * "Investing 60% of cash in RGAGX"
  Assets:US:Vanguard:RGAGX                          3.693 RGAGX {97.49 USD}
  Assets:US:Vanguard:Cash                         -360.03 USD               

2013-05-24 * "Employer match for contribution"
  Assets:US:Vanguard:Cash                          600.00 USD
  Income:US:Hoogle:Match401k                      -600.00 USD

2013-05-27 * "Investing 40% of cash in VBMPX"
  Assets:US:Vanguard:VBMPX                          5.306 VBMPX {90.46 USD}
  Assets:US:Vanguard:Cash                         -479.98 USD               

2013-05-27 * "Investing 60% of cash in RGAGX"
  Assets:US:Vanguard:RGAGX                          7.272 RGAGX {99.00 USD}
  Assets:US:Vanguard:Cash                         -719.93 USD               

2013-05-27 * "Investing 40% of cash in VBMPX"
  Assets:US:Vanguard:VBMPX                          2.653 VBMPX {90.46 USD}
  Assets:US:Vanguard:Cash                         -239.99 USD               

2013-05-27 * "Investing 60% of cash in RGAGX"
  Assets:US:Vanguard:RGAGX                          3.637 RGAGX {99.00 USD}
  Assets:US:Vanguard:Cash                         -360.06 USD               

2013-06-07 * "Employer match for contribution"
  Assets:US:Vanguard:Cash                          600.00 USD
  Income:US:Hoogle:Match401k                      -600.00 USD

2013-06-10 * "Investing 40% of cash in VBMPX"
  Assets:US:Vanguard:VBMPX                          5.245 VBMPX {91.51 USD}
  Assets:US:Vanguard:Cash                         -479.97 USD               

2013-06-10 * "Investing 60% of cash in RGAGX"
  Assets:US:Vanguard:RGAGX                          7.193 RGAGX {100.10 USD}
  Assets:US:Vanguard:Cash                         -720.02 USD                

2013-06-10 * "Investing 40% of cash in VBMPX"
  Assets:US:Vanguard:VBMPX                          2.623 VBMPX {91.51 USD}
  Assets:US:Vanguard:Cash                         -240.03 USD               

2013-06-10 * "Investing 60% of cash in RGAGX"
  Assets:US:Vanguard:RGAGX                          3.596 RGAGX {100.10 USD}
  Assets:US:Vanguard:Cash                         -359.96 USD                

2013-06-21 * "Employer match for contribution"
  Assets:US:Vanguard:Cash                          600.00 USD
  Income:US:Hoogle:Match401k                      -600.00 USD

2013-06-24 * "Investing 40% of cash in VBMPX"
  Assets:US:Vanguard:VBMPX                          5.538 VBMPX {86.67 USD}
  Assets:US:Vanguard:Cash                         -479.98 USD               

2013-06-24 * "Investing 60% of cash in RGAGX"
  Assets:US:Vanguard:RGAGX                          7.147 RGAGX {100.74 USD}
  Assets:US:Vanguard:Cash                         -719.99 USD                

2013-06-24 * "Investing 40% of cash in VBMPX"
  Assets:US:Vanguard:VBMPX                          2.769 VBMPX {86.67 USD}
  Assets:US:Vanguard:Cash                         -239.99 USD               

2013-06-24 * "Investing 60% of cash in RGAGX"
  Assets:US:Vanguard:RGAGX                          3.574 RGAGX {100.74 USD}
  Assets:US:Vanguard:Cash                         -360.04 USD                

2013-07-05 * "Employer match for contribution"
  Assets:US:Vanguard:Cash                          600.00 USD
  Income:US:Hoogle:Match401k                      -600.00 USD

2013-07-08 * "Investing 40% of cash in VBMPX"
  Assets:US:Vanguard:VBMPX                          5.672 VBMPX {84.63 USD}
  Assets:US:Vanguard:Cash                         -480.02 USD               

2013-07-08 * "Investing 60% of cash in RGAGX"
  Assets:US:Vanguard:RGAGX                          7.033 RGAGX {102.38 USD}
  Assets:US:Vanguard:Cash                         -720.04 USD                

2013-07-08 * "Investing 40% of cash in VBMPX"
  Assets:US:Vanguard:VBMPX                          2.836 VBMPX {84.63 USD}
  Assets:US:Vanguard:Cash                         -240.01 USD               

2013-07-08 * "Investing 60% of cash in RGAGX"
  Assets:US:Vanguard:RGAGX                          3.516 RGAGX {102.38 USD}
  Assets:US:Vanguard:Cash                         -359.97 USD                

2013-07-19 * "Employer match for contribution"
  Assets:US:Vanguard:Cash                          350.00 USD
  Income:US:Hoogle:Match401k                      -350.00 USD

2013-07-22 * "Investing 40% of cash in VBMPX"
  Assets:US:Vanguard:VBMPX                          3.245 VBMPX {86.28 USD}
  Assets:US:Vanguard:Cash                         -279.98 USD               

2013-07-22 * "Investing 60% of cash in RGAGX"
  Assets:US:Vanguard:RGAGX                          4.119 RGAGX {101.97 USD}
  Assets:US:Vanguard:Cash                         -420.01 USD                

2013-07-22 * "Investing 40% of cash in VBMPX"
  Assets:US:Vanguard:VBMPX                          1.623 VBMPX {86.28 USD}
  Assets:US:Vanguard:Cash                         -140.03 USD               

2013-07-22 * "Investing 60% of cash in RGAGX"
  Assets:US:Vanguard:RGAGX                          2.059 RGAGX {101.97 USD}
  Assets:US:Vanguard:Cash                         -209.96 USD                

2014-01-03 * "Employer match for contribution"
  Assets:US:Vanguard:Cash                          600.00 USD
  Income:US:Hoogle:Match401k                      -600.00 USD

2014-01-06 * "Investing 40% of cash in VBMPX"
  Assets:US:Vanguard:VBMPX                          5.654 VBMPX {84.90 USD}
  Assets:US:Vanguard:Cash                         -480.02 USD               

2014-01-06 * "Investing 60% of cash in RGAGX"
  Assets:US:Vanguard:RGAGX                          7.183 RGAGX {100.24 USD}
  Assets:US:Vanguard:Cash                         -720.02 USD                

2014-01-06 * "Investing 40% of cash in VBMPX"
  Assets:US:Vanguard:VBMPX                          2.827 VBMPX {84.90 USD}
  Assets:US:Vanguard:Cash                         -240.01 USD               

2014-01-06 * "Investing 60% of cash in RGAGX"
  Assets:US:Vanguard:RGAGX                          3.591 RGAGX {100.24 USD}
  Assets:US:Vanguard:Cash                         -359.96 USD                

2014-01-17 * "Employer match for contribution"
  Assets:US:Vanguard:Cash                          600.00 USD
  Income:US:Hoogle:Match401k                      -600.00 USD

2014-01-20 * "Investing 40% of cash in VBMPX"
  Assets:US:Vanguard:VBMPX                          5.654 VBMPX {84.90 USD}
  Assets:US:Vanguard:Cash                         -480.02 USD               

2014-01-20 * "Investing 60% of cash in RGAGX"
  Assets:US:Vanguard:RGAGX                          6.994 RGAGX {102.95 USD}
  Assets:US:Vanguard:Cash                         -720.03 USD                

2014-01-20 * "Investing 40% of cash in VBMPX"
  Assets:US:Vanguard:VBMPX                          2.827 VBMPX {84.90 USD}
  Assets:US:Vanguard:Cash                         -240.01 USD               

2014-01-20 * "Investing 60% of cash in RGAGX"
  Assets:US:Vanguard:RGAGX                          3.496 RGAGX {102.95 USD}
  Assets:US:Vanguard:Cash                         -359.91 USD                

2014-01-31 * "Employer match for contribution"
  Assets:US:Vanguard:Cash                          600.00 USD
  Income:US:Hoogle:Match401k                      -600.00 USD

2014-02-03 * "Investing 40% of cash in VBMPX"
  Assets:US:Vanguard:VBMPX                          5.810 VBMPX {82.62 USD}
  Assets:US:Vanguard:Cash                         -480.02 USD               

2014-02-03 * "Investing 60% of cash in RGAGX"
  Assets:US:Vanguard:RGAGX                          7.134 RGAGX {100.93 USD}
  Assets:US:Vanguard:Cash                         -720.03 USD                

2014-02-03 * "Investing 40% of cash in VBMPX"
  Assets:US:Vanguard:VBMPX                          2.905 VBMPX {82.62 USD}
  Assets:US:Vanguard:Cash                         -240.01 USD               

2014-02-03 * "Investing 60% of cash in RGAGX"
  Assets:US:Vanguard:RGAGX                          3.567 RGAGX {100.93 USD}
  Assets:US:Vanguard:Cash                         -360.02 USD                

2014-02-14 * "Employer match for contribution"
  Assets:US:Vanguard:Cash                          600.00 USD
  Income:US:Hoogle:Match401k                      -600.00 USD

2014-02-17 * "Investing 40% of cash in VBMPX"
  Assets:US:Vanguard:VBMPX                          5.792 VBMPX {82.87 USD}
  Assets:US:Vanguard:Cash                         -479.98 USD               

2014-02-17 * "Investing 60% of cash in RGAGX"
  Assets:US:Vanguard:RGAGX                          7.226 RGAGX {99.63 USD}
  Assets:US:Vanguard:Cash                         -719.93 USD               

2014-02-17 * "Investing 40% of cash in VBMPX"
  Assets:US:Vanguard:VBMPX                          2.896 VBMPX {82.87 USD}
  Assets:US:Vanguard:Cash                         -239.99 USD               

2014-02-17 * "Investing 60% of cash in RGAGX"
  Assets:US:Vanguard:RGAGX                          3.613 RGAGX {99.63 USD}
  Assets:US:Vanguard:Cash                         -359.96 USD               

2014-02-28 * "Employer match for contribution"
  Assets:US:Vanguard:Cash                          600.00 USD
  Income:US:Hoogle:Match401k                      -600.00 USD

2014-03-03 * "Investing 40% of cash in VBMPX"
  Assets:US:Vanguard:VBMPX                          5.969 VBMPX {80.42 USD}
  Assets:US:Vanguard:Cash                         -480.03 USD               

2014-03-03 * "Investing 60% of cash in RGAGX"
  Assets:US:Vanguard:RGAGX                          7.432 RGAGX {96.88 USD}
  Assets:US:Vanguard:Cash                         -720.01 USD               

2014-03-03 * "Investing 40% of cash in VBMPX"
  Assets:US:Vanguard:VBMPX                          2.984 VBMPX {80.42 USD}
  Assets:US:Vanguard:Cash                         -239.97 USD               

2014-03-03 * "Investing 60% of cash in RGAGX"
  Assets:US:Vanguard:RGAGX                          3.716 RGAGX {96.88 USD}
  Assets:US:Vanguard:Cash                         -360.01 USD               

2014-03-14 * "Employer match for contribution"
  Assets:US:Vanguard:Cash                          600.00 USD
  Income:US:Hoogle:Match401k                      -600.00 USD

2014-03-17 * "Investing 40% of cash in VBMPX"
  Assets:US:Vanguard:VBMPX                          5.839 VBMPX {82.21 USD}
  Assets:US:Vanguard:Cash                         -480.02 USD               

2014-03-17 * "Investing 60% of cash in RGAGX"
  Assets:US:Vanguard:RGAGX                          7.326 RGAGX {98.28 USD}
  Assets:US:Vanguard:Cash                         -720.00 USD               

2014-03-17 * "Investing 40% of cash in VBMPX"
  Assets:US:Vanguard:VBMPX                          2.919 VBMPX {82.21 USD}
  Assets:US:Vanguard:Cash                         -239.97 USD               

2014-03-17 * "Investing 60% of cash in RGAGX"
  Assets:US:Vanguard:RGAGX                          3.663 RGAGX {98.28 USD}
  Assets:US:Vanguard:Cash                         -360.00 USD               

2014-03-28 * "Employer match for contribution"
  Assets:US:Vanguard:Cash                          600.00 USD
  Income:US:Hoogle:Match401k                      -600.00 USD

2014-03-31 * "Investing 40% of cash in VBMPX"
  Assets:US:Vanguard:VBMPX                          5.970 VBMPX {80.41 USD}
  Assets:US:Vanguard:Cash                         -480.05 USD               

2014-03-31 * "Investing 60% of cash in RGAGX"
  Assets:US:Vanguard:RGAGX                          7.266 RGAGX {99.09 USD}
  Assets:US:Vanguard:Cash                         -719.99 USD               

2014-03-31 * "Investing 40% of cash in VBMPX"
  Assets:US:Vanguard:VBMPX                          2.985 VBMPX {80.41 USD}
  Assets:US:Vanguard:Cash                         -240.02 USD               

2014-03-31 * "Investing 60% of cash in RGAGX"
  Assets:US:Vanguard:RGAGX                          3.633 RGAGX {99.09 USD}
  Assets:US:Vanguard:Cash                         -359.99 USD               

2014-04-11 * "Employer match for contribution"
  Assets:US:Vanguard:Cash                          600.00 USD
  Income:US:Hoogle:Match401k                      -600.00 USD

2014-04-14 * "Investing 40% of cash in VBMPX"
  Assets:US:Vanguard:VBMPX                          5.913 VBMPX {81.18 USD}
  Assets:US:Vanguard:Cash                         -480.02 USD               

2014-04-14 * "Investing 60% of cash in RGAGX"
  Assets:US:Vanguard:RGAGX                          7.193 RGAGX {100.10 USD}
  Assets:US:Vanguard:Cash                         -720.02 USD                

2014-04-14 * "Investing 40% of cash in VBMPX"
  Assets:US:Vanguard:VBMPX                          2.956 VBMPX {81.18 USD}
  Assets:US:Vanguard:Cash                         -239.97 USD               

2014-04-14 * "Investing 60% of cash in RGAGX"
  Assets:US:Vanguard:RGAGX                          3.596 RGAGX {100.10 USD}
  Assets:US:Vanguard:Cash                         -359.96 USD                

2014-04-25 * "Employer match for contribution"
  Assets:US:Vanguard:Cash                          600.00 USD
  Income:US:Hoogle:Match401k                      -600.00 USD

2014-04-28 * "Investing 40% of cash in VBMPX"
  Assets:US:Vanguard:VBMPX                          5.880 VBMPX {81.64 USD}
  Assets:US:Vanguard:Cash                         -480.04 USD               

2014-04-28 * "Investing 60% of cash in RGAGX"
  Assets:US:Vanguard:RGAGX                          7.158 RGAGX {100.59 USD}
  Assets:US:Vanguard:Cash                         -720.02 USD                

2014-04-28 * "Investing 40% of cash in VBMPX"
  Assets:US:Vanguard:VBMPX                          2.940 VBMPX {81.64 USD}
  Assets:US:Vanguard:Cash                         -240.02 USD               

2014-04-28 * "Investing 60% of cash in RGAGX"
  Assets:US:Vanguard:RGAGX                          3.579 RGAGX {100.59 USD}
  Assets:US:Vanguard:Cash                         -360.01 USD                

2014-05-09 * "Employer match for contribution"
  Assets:US:Vanguard:Cash                          600.00 USD
  Income:US:Hoogle:Match401k                      -600.00 USD

2014-05-12 * "Investing 40% of cash in VBMPX"
  Assets:US:Vanguard:VBMPX                          5.939 VBMPX {80.82 USD}
  Assets:US:Vanguard:Cash                         -479.99 USD               

2014-05-12 * "Investing 60% of cash in RGAGX"
  Assets:US:Vanguard:RGAGX                          6.801 RGAGX {105.87 USD}
  Assets:US:Vanguard:Cash                         -720.02 USD                

2014-05-12 * "Investing 40% of cash in VBMPX"
  Assets:US:Vanguard:VBMPX                          2.969 VBMPX {80.82 USD}
  Assets:US:Vanguard:Cash                         -239.95 USD               

2014-05-12 * "Investing 60% of cash in RGAGX"
  Assets:US:Vanguard:RGAGX                          3.400 RGAGX {105.87 USD}
  Assets:US:Vanguard:Cash                         -359.96 USD                

2014-05-23 * "Employer match for contribution"
  Assets:US:Vanguard:Cash                          600.00 USD
  Income:US:Hoogle:Match401k                      -600.00 USD

2014-05-26 * "Investing 40% of cash in VBMPX"
  Assets:US:Vanguard:VBMPX                          5.896 VBMPX {81.41 USD}
  Assets:US:Vanguard:Cash                         -479.99 USD               

2014-05-26 * "Investing 60% of cash in RGAGX"
  Assets:US:Vanguard:RGAGX                          6.812 RGAGX {105.70 USD}
  Assets:US:Vanguard:Cash                         -720.03 USD                

2014-05-26 * "Investing 40% of cash in VBMPX"
  Assets:US:Vanguard:VBMPX                          2.948 VBMPX {81.41 USD}
  Assets:US:Vanguard:Cash                         -240.00 USD               

2014-05-26 * "Investing 60% of cash in RGAGX"
  Assets:US:Vanguard:RGAGX                          3.406 RGAGX {105.70 USD}
  Assets:US:Vanguard:Cash                         -360.01 USD                

2014-06-06 * "Employer match for contribution"
  Assets:US:Vanguard:Cash                          600.00 USD
  Income:US:Hoogle:Match401k                      -600.00 USD

2014-06-09 * "Investing 40% of cash in VBMPX"
  Assets:US:Vanguard:VBMPX                          5.710 VBMPX {84.06 USD}
  Assets:US:Vanguard:Cash                         -479.98 USD               

2014-06-09 * "Investing 60% of cash in RGAGX"
  Assets:US:Vanguard:RGAGX                          6.442 RGAGX {111.76 USD}
  Assets:US:Vanguard:Cash                         -719.96 USD                

2014-06-09 * "Investing 40% of cash in VBMPX"
  Assets:US:Vanguard:VBMPX                          2.855 VBMPX {84.06 USD}
  Assets:US:Vanguard:Cash                         -239.99 USD               

2014-06-09 * "Investing 60% of cash in RGAGX"
  Assets:US:Vanguard:RGAGX                          3.222 RGAGX {111.76 USD}
  Assets:US:Vanguard:Cash                         -360.09 USD                

2014-06-20 * "Employer match for contribution"
  Assets:US:Vanguard:Cash                          600.00 USD
  Income:US:Hoogle:Match401k                      -600.00 USD

2014-06-23 * "Investing 40% of cash in VBMPX"
  Assets:US:Vanguard:VBMPX                          5.852 VBMPX {82.02 USD}
  Assets:US:Vanguard:Cash                         -479.98 USD               

2014-06-23 * "Investing 60% of cash in RGAGX"
  Assets:US:Vanguard:RGAGX                          6.402 RGAGX {112.47 USD}
  Assets:US:Vanguard:Cash                         -720.03 USD                

2014-06-23 * "Investing 40% of cash in VBMPX"
  Assets:US:Vanguard:VBMPX                          2.926 VBMPX {82.02 USD}
  Assets:US:Vanguard:Cash                         -239.99 USD               

2014-06-23 * "Investing 60% of cash in RGAGX"
  Assets:US:Vanguard:RGAGX                          3.201 RGAGX {112.47 USD}
  Assets:US:Vanguard:Cash                         -360.02 USD                

2014-07-04 * "Employer match for contribution"
  Assets:US:Vanguard:Cash                          600.00 USD
  Income:US:Hoogle:Match401k                      -600.00 USD

2014-07-07 * "Investing 40% of cash in VBMPX"
  Assets:US:Vanguard:VBMPX                          5.806 VBMPX {82.67 USD}
  Assets:US:Vanguard:Cash                         -479.98 USD               

2014-07-07 * "Investing 60% of cash in RGAGX"
  Assets:US:Vanguard:RGAGX                          6.311 RGAGX {114.09 USD}
  Assets:US:Vanguard:Cash                         -720.02 USD                

2014-07-07 * "Investing 40% of cash in VBMPX"
  Assets:US:Vanguard:VBMPX                          2.903 VBMPX {82.67 USD}
  Assets:US:Vanguard:Cash                         -239.99 USD               

2014-07-07 * "Investing 60% of cash in RGAGX"
  Assets:US:Vanguard:RGAGX                          3.155 RGAGX {114.09 USD}
  Assets:US:Vanguard:Cash                         -359.95 USD                

2014-07-18 * "Employer match for contribution"
  Assets:US:Vanguard:Cash                          350.00 USD
  Income:US:Hoogle:Match401k                      -350.00 USD

2014-07-21 * "Investing 40% of cash in VBMPX"
  Assets:US:Vanguard:VBMPX                          3.470 VBMPX {80.70 USD}
  Assets:US:Vanguard:Cash                         -280.03 USD               

2014-07-21 * "Investing 60% of cash in RGAGX"
  Assets:US:Vanguard:RGAGX                          3.659 RGAGX {114.79 USD}
  Assets:US:Vanguard:Cash                         -420.02 USD                

2014-07-21 * "Investing 40% of cash in VBMPX"
  Assets:US:Vanguard:VBMPX                          1.735 VBMPX {80.70 USD}
  Assets:US:Vanguard:Cash                         -140.01 USD               

2014-07-21 * "Investing 60% of cash in RGAGX"
  Assets:US:Vanguard:RGAGX                          1.829 RGAGX {114.79 USD}
  Assets:US:Vanguard:Cash                         -209.95 USD                
* Sources of Income

2012-01-01 open Income:US:Hoogle:Salary                      USD
2012-01-01 open Income:US:Hoogle:GroupTermLife               USD
2012-01-01 open Income:US:Hoogle:Vacation                    VACHR
2012-01-01 open Assets:US:Hoogle:Vacation                    VACHR
2012-01-01 open Expenses:Health:Life:GroupTermLife              
2012-01-01 open Expenses:Health:Medical:Insurance               
2012-01-01 open Expenses:Health:Dental:Insurance                
2012-01-01 open Expenses:Health:Vision:Insurance                

2012-01-01 event "employer" "Hoogle, 1600 Amphibious Parkway, River View, CA"

2012-01-05 * "Hoogle" | "Payroll"
  Assets:US:BofA:Checking                         1350.60 USD   
  Assets:US:Vanguard:Cash                         1200.00 USD   
  Assets:US:Federal:PreTax401k                   -1200.00 IRAUSD
  Expenses:Taxes:Y2012:US:Federal:PreTax401k      1200.00 IRAUSD
  Income:US:Hoogle:Salary                        -4615.38 USD   
  Income:US:Hoogle:GroupTermLife                   -24.32 USD   
  Expenses:Health:Life:GroupTermLife                24.32 USD   
  Expenses:Health:Dental:Insurance                   2.90 USD   
  Expenses:Health:Medical:Insurance                 27.38 USD   
  Expenses:Health:Vision:Insurance                  42.30 USD   
  Expenses:Taxes:Y2012:US:Medicare                 106.62 USD   
  Expenses:Taxes:Y2012:US:Federal                 1062.92 USD   
  Expenses:Taxes:Y2012:US:State                    365.08 USD   
  Expenses:Taxes:Y2012:US:CityNYC                  174.92 USD   
  Expenses:Taxes:Y2012:US:SDI                        1.12 USD   
  Expenses:Taxes:Y2012:US:SocSec                   281.54 USD   
  Assets:US:Hoogle:Vacation                             5 VACHR 
  Income:US:Hoogle:Vacation                            -5 VACHR 

2012-01-19 * "Hoogle" | "Payroll"
  Assets:US:BofA:Checking                         1350.60 USD   
  Assets:US:Vanguard:Cash                         1200.00 USD   
  Assets:US:Federal:PreTax401k                   -1200.00 IRAUSD
  Expenses:Taxes:Y2012:US:Federal:PreTax401k      1200.00 IRAUSD
  Income:US:Hoogle:Salary                        -4615.38 USD   
  Income:US:Hoogle:GroupTermLife                   -24.32 USD   
  Expenses:Health:Life:GroupTermLife                24.32 USD   
  Expenses:Health:Dental:Insurance                   2.90 USD   
  Expenses:Health:Medical:Insurance                 27.38 USD   
  Expenses:Health:Vision:Insurance                  42.30 USD   
  Expenses:Taxes:Y2012:US:Medicare                 106.62 USD   
  Expenses:Taxes:Y2012:US:Federal                 1062.92 USD   
  Expenses:Taxes:Y2012:US:State                    365.08 USD   
  Expenses:Taxes:Y2012:US:CityNYC                  174.92 USD   
  Expenses:Taxes:Y2012:US:SDI                        1.12 USD   
  Expenses:Taxes:Y2012:US:SocSec                   281.54 USD   
  Assets:US:Hoogle:Vacation                             5 VACHR 
  Income:US:Hoogle:Vacation                            -5 VACHR 

2012-02-02 * "Hoogle" | "Payroll"
  Assets:US:BofA:Checking                         1350.60 USD   
  Assets:US:Vanguard:Cash                         1200.00 USD   
  Assets:US:Federal:PreTax401k                   -1200.00 IRAUSD
  Expenses:Taxes:Y2012:US:Federal:PreTax401k      1200.00 IRAUSD
  Income:US:Hoogle:Salary                        -4615.38 USD   
  Income:US:Hoogle:GroupTermLife                   -24.32 USD   
  Expenses:Health:Life:GroupTermLife                24.32 USD   
  Expenses:Health:Dental:Insurance                   2.90 USD   
  Expenses:Health:Medical:Insurance                 27.38 USD   
  Expenses:Health:Vision:Insurance                  42.30 USD   
  Expenses:Taxes:Y2012:US:Medicare                 106.62 USD   
  Expenses:Taxes:Y2012:US:Federal                 1062.92 USD   
  Expenses:Taxes:Y2012:US:State                    365.08 USD   
  Expenses:Taxes:Y2012:US:CityNYC                  174.92 USD   
  Expenses:Taxes:Y2012:US:SDI                        1.12 USD   
  Expenses:Taxes:Y2012:US:SocSec                   281.54 USD   
  Assets:US:Hoogle:Vacation                             5 VACHR 
  Income:US:Hoogle:Vacation                            -5 VACHR 

2012-02-16 * "Hoogle" | "Payroll"
  Assets:US:BofA:Checking                         1350.60 USD   
  Assets:US:Vanguard:Cash                         1200.00 USD   
  Assets:US:Federal:PreTax401k                   -1200.00 IRAUSD
  Expenses:Taxes:Y2012:US:Federal:PreTax401k      1200.00 IRAUSD
  Income:US:Hoogle:Salary                        -4615.38 USD   
  Income:US:Hoogle:GroupTermLife                   -24.32 USD   
  Expenses:Health:Life:GroupTermLife                24.32 USD   
  Expenses:Health:Dental:Insurance                   2.90 USD   
  Expenses:Health:Medical:Insurance                 27.38 USD   
  Expenses:Health:Vision:Insurance                  42.30 USD   
  Expenses:Taxes:Y2012:US:Medicare                 106.62 USD   
  Expenses:Taxes:Y2012:US:Federal                 1062.92 USD   
  Expenses:Taxes:Y2012:US:State                    365.08 USD   
  Expenses:Taxes:Y2012:US:CityNYC                  174.92 USD   
  Expenses:Taxes:Y2012:US:SDI                        1.12 USD   
  Expenses:Taxes:Y2012:US:SocSec                   281.54 USD   
  Assets:US:Hoogle:Vacation                             5 VACHR 
  Income:US:Hoogle:Vacation                            -5 VACHR 

2012-03-01 * "Hoogle" | "Payroll"
  Assets:US:BofA:Checking                         1350.60 USD   
  Assets:US:Vanguard:Cash                         1200.00 USD   
  Assets:US:Federal:PreTax401k                   -1200.00 IRAUSD
  Expenses:Taxes:Y2012:US:Federal:PreTax401k      1200.00 IRAUSD
  Income:US:Hoogle:Salary                        -4615.38 USD   
  Income:US:Hoogle:GroupTermLife                   -24.32 USD   
  Expenses:Health:Life:GroupTermLife                24.32 USD   
  Expenses:Health:Dental:Insurance                   2.90 USD   
  Expenses:Health:Medical:Insurance                 27.38 USD   
  Expenses:Health:Vision:Insurance                  42.30 USD   
  Expenses:Taxes:Y2012:US:Medicare                 106.62 USD   
  Expenses:Taxes:Y2012:US:Federal                 1062.92 USD   
  Expenses:Taxes:Y2012:US:State                    365.08 USD   
  Expenses:Taxes:Y2012:US:CityNYC                  174.92 USD   
  Expenses:Taxes:Y2012:US:SDI                        1.12 USD   
  Expenses:Taxes:Y2012:US:SocSec                   281.54 USD   
  Assets:US:Hoogle:Vacation                             5 VACHR 
  Income:US:Hoogle:Vacation                            -5 VACHR 

2012-03-15 * "Hoogle" | "Payroll"
  Assets:US:BofA:Checking                         1350.60 USD   
  Assets:US:Vanguard:Cash                         1200.00 USD   
  Assets:US:Federal:PreTax401k                   -1200.00 IRAUSD
  Expenses:Taxes:Y2012:US:Federal:PreTax401k      1200.00 IRAUSD
  Income:US:Hoogle:Salary                        -4615.38 USD   
  Income:US:Hoogle:GroupTermLife                   -24.32 USD   
  Expenses:Health:Life:GroupTermLife                24.32 USD   
  Expenses:Health:Dental:Insurance                   2.90 USD   
  Expenses:Health:Medical:Insurance                 27.38 USD   
  Expenses:Health:Vision:Insurance                  42.30 USD   
  Expenses:Taxes:Y2012:US:Medicare                 106.62 USD   
  Expenses:Taxes:Y2012:US:Federal                 1062.92 USD   
  Expenses:Taxes:Y2012:US:State                    365.08 USD   
  Expenses:Taxes:Y2012:US:CityNYC                  174.92 USD   
  Expenses:Taxes:Y2012:US:SDI                        1.12 USD   
  Expenses:Taxes:Y2012:US:SocSec                   281.54 USD   
  Assets:US:Hoogle:Vacation                             5 VACHR 
  Income:US:Hoogle:Vacation                            -5 VACHR 

2012-03-29 * "Hoogle" | "Payroll"
  Assets:US:BofA:Checking                         1350.60 USD   
  Assets:US:Vanguard:Cash                         1200.00 USD   
  Assets:US:Federal:PreTax401k                   -1200.00 IRAUSD
  Expenses:Taxes:Y2012:US:Federal:PreTax401k      1200.00 IRAUSD
  Income:US:Hoogle:Salary                        -4615.38 USD   
  Income:US:Hoogle:GroupTermLife                   -24.32 USD   
  Expenses:Health:Life:GroupTermLife                24.32 USD   
  Expenses:Health:Dental:Insurance                   2.90 USD   
  Expenses:Health:Medical:Insurance                 27.38 USD   
  Expenses:Health:Vision:Insurance                  42.30 USD   
  Expenses:Taxes:Y2012:US:Medicare                 106.62 USD   
  Expenses:Taxes:Y2012:US:Federal                 1062.92 USD   
  Expenses:Taxes:Y2012:US:State                    365.08 USD   
  Expenses:Taxes:Y2012:US:CityNYC                  174.92 USD   
  Expenses:Taxes:Y2012:US:SDI                        1.12 USD   
  Expenses:Taxes:Y2012:US:SocSec                   281.54 USD   
  Assets:US:Hoogle:Vacation                             5 VACHR 
  Income:US:Hoogle:Vacation                            -5 VACHR 

2012-04-12 * "Hoogle" | "Payroll"
  Assets:US:BofA:Checking                         1350.60 USD   
  Assets:US:Vanguard:Cash                         1200.00 USD   
  Assets:US:Federal:PreTax401k                   -1200.00 IRAUSD
  Expenses:Taxes:Y2012:US:Federal:PreTax401k      1200.00 IRAUSD
  Income:US:Hoogle:Salary                        -4615.38 USD   
  Income:US:Hoogle:GroupTermLife                   -24.32 USD   
  Expenses:Health:Life:GroupTermLife                24.32 USD   
  Expenses:Health:Dental:Insurance                   2.90 USD   
  Expenses:Health:Medical:Insurance                 27.38 USD   
  Expenses:Health:Vision:Insurance                  42.30 USD   
  Expenses:Taxes:Y2012:US:Medicare                 106.62 USD   
  Expenses:Taxes:Y2012:US:Federal                 1062.92 USD   
  Expenses:Taxes:Y2012:US:State                    365.08 USD   
  Expenses:Taxes:Y2012:US:CityNYC                  174.92 USD   
  Expenses:Taxes:Y2012:US:SDI                        1.12 USD   
  Expenses:Taxes:Y2012:US:SocSec                   281.54 USD   
  Assets:US:Hoogle:Vacation                             5 VACHR 
  Income:US:Hoogle:Vacation                            -5 VACHR 

2012-04-26 * "Hoogle" | "Payroll"
  Assets:US:BofA:Checking                         1350.60 USD   
  Assets:US:Vanguard:Cash                         1200.00 USD   
  Assets:US:Federal:PreTax401k                   -1200.00 IRAUSD
  Expenses:Taxes:Y2012:US:Federal:PreTax401k      1200.00 IRAUSD
  Income:US:Hoogle:Salary                        -4615.38 USD   
  Income:US:Hoogle:GroupTermLife                   -24.32 USD   
  Expenses:Health:Life:GroupTermLife                24.32 USD   
  Expenses:Health:Dental:Insurance                   2.90 USD   
  Expenses:Health:Medical:Insurance                 27.38 USD   
  Expenses:Health:Vision:Insurance                  42.30 USD   
  Expenses:Taxes:Y2012:US:Medicare                 106.62 USD   
  Expenses:Taxes:Y2012:US:Federal                 1062.92 USD   
  Expenses:Taxes:Y2012:US:State                    365.08 USD   
  Expenses:Taxes:Y2012:US:CityNYC                  174.92 USD   
  Expenses:Taxes:Y2012:US:SDI                        1.12 USD   
  Expenses:Taxes:Y2012:US:SocSec                   281.54 USD   
  Assets:US:Hoogle:Vacation                             5 VACHR 
  Income:US:Hoogle:Vacation                            -5 VACHR 

2012-05-10 * "Hoogle" | "Payroll"
  Assets:US:BofA:Checking                         1350.60 USD   
  Assets:US:Vanguard:Cash                         1200.00 USD   
  Assets:US:Federal:PreTax401k                   -1200.00 IRAUSD
  Expenses:Taxes:Y2012:US:Federal:PreTax401k      1200.00 IRAUSD
  Income:US:Hoogle:Salary                        -4615.38 USD   
  Income:US:Hoogle:GroupTermLife                   -24.32 USD   
  Expenses:Health:Life:GroupTermLife                24.32 USD   
  Expenses:Health:Dental:Insurance                   2.90 USD   
  Expenses:Health:Medical:Insurance                 27.38 USD   
  Expenses:Health:Vision:Insurance                  42.30 USD   
  Expenses:Taxes:Y2012:US:Medicare                 106.62 USD   
  Expenses:Taxes:Y2012:US:Federal                 1062.92 USD   
  Expenses:Taxes:Y2012:US:State                    365.08 USD   
  Expenses:Taxes:Y2012:US:CityNYC                  174.92 USD   
  Expenses:Taxes:Y2012:US:SDI                        1.12 USD   
  Expenses:Taxes:Y2012:US:SocSec                   281.54 USD   
  Assets:US:Hoogle:Vacation                             5 VACHR 
  Income:US:Hoogle:Vacation                            -5 VACHR 

2012-05-24 * "Hoogle" | "Payroll"
  Assets:US:BofA:Checking                         1350.60 USD   
  Assets:US:Vanguard:Cash                         1200.00 USD   
  Assets:US:Federal:PreTax401k                   -1200.00 IRAUSD
  Expenses:Taxes:Y2012:US:Federal:PreTax401k      1200.00 IRAUSD
  Income:US:Hoogle:Salary                        -4615.38 USD   
  Income:US:Hoogle:GroupTermLife                   -24.32 USD   
  Expenses:Health:Life:GroupTermLife                24.32 USD   
  Expenses:Health:Dental:Insurance                   2.90 USD   
  Expenses:Health:Medical:Insurance                 27.38 USD   
  Expenses:Health:Vision:Insurance                  42.30 USD   
  Expenses:Taxes:Y2012:US:Medicare                 106.62 USD   
  Expenses:Taxes:Y2012:US:Federal                 1062.92 USD   
  Expenses:Taxes:Y2012:US:State                    365.08 USD   
  Expenses:Taxes:Y2012:US:CityNYC                  174.92 USD   
  Expenses:Taxes:Y2012:US:SDI                        1.12 USD   
  Expenses:Taxes:Y2012:US:SocSec                   281.54 USD   
  Assets:US:Hoogle:Vacation                             5 VACHR 
  Income:US:Hoogle:Vacation                            -5 VACHR 

2012-06-07 * "Hoogle" | "Payroll"
  Assets:US:BofA:Checking                         1350.60 USD   
  Assets:US:Vanguard:Cash                         1200.00 USD   
  Assets:US:Federal:PreTax401k                   -1200.00 IRAUSD
  Expenses:Taxes:Y2012:US:Federal:PreTax401k      1200.00 IRAUSD
  Income:US:Hoogle:Salary                        -4615.38 USD   
  Income:US:Hoogle:GroupTermLife                   -24.32 USD   
  Expenses:Health:Life:GroupTermLife                24.32 USD   
  Expenses:Health:Dental:Insurance                   2.90 USD   
  Expenses:Health:Medical:Insurance                 27.38 USD   
  Expenses:Health:Vision:Insurance                  42.30 USD   
  Expenses:Taxes:Y2012:US:Medicare                 106.62 USD   
  Expenses:Taxes:Y2012:US:Federal                 1062.92 USD   
  Expenses:Taxes:Y2012:US:State                    365.08 USD   
  Expenses:Taxes:Y2012:US:CityNYC                  174.92 USD   
  Expenses:Taxes:Y2012:US:SDI                        1.12 USD   
  Expenses:Taxes:Y2012:US:SocSec                   281.54 USD   
  Assets:US:Hoogle:Vacation                             5 VACHR 
  Income:US:Hoogle:Vacation                            -5 VACHR 

2012-06-21 * "Hoogle" | "Payroll"
  Assets:US:BofA:Checking                         1350.60 USD   
  Assets:US:Vanguard:Cash                         1200.00 USD   
  Assets:US:Federal:PreTax401k                   -1200.00 IRAUSD
  Expenses:Taxes:Y2012:US:Federal:PreTax401k      1200.00 IRAUSD
  Income:US:Hoogle:Salary                        -4615.38 USD   
  Income:US:Hoogle:GroupTermLife                   -24.32 USD   
  Expenses:Health:Life:GroupTermLife                24.32 USD   
  Expenses:Health:Dental:Insurance                   2.90 USD   
  Expenses:Health:Medical:Insurance                 27.38 USD   
  Expenses:Health:Vision:Insurance                  42.30 USD   
  Expenses:Taxes:Y2012:US:Medicare                 106.62 USD   
  Expenses:Taxes:Y2012:US:Federal                 1062.92 USD   
  Expenses:Taxes:Y2012:US:State                    365.08 USD   
  Expenses:Taxes:Y2012:US:CityNYC                  174.92 USD   
  Expenses:Taxes:Y2012:US:SDI                        1.12 USD   
  Expenses:Taxes:Y2012:US:SocSec                   281.54 USD   
  Assets:US:Hoogle:Vacation                             5 VACHR 
  Income:US:Hoogle:Vacation                            -5 VACHR 

2012-07-05 * "Hoogle" | "Payroll"
  Assets:US:BofA:Checking                         1350.60 USD   
  Assets:US:Vanguard:Cash                         1200.00 USD   
  Assets:US:Federal:PreTax401k                   -1200.00 IRAUSD
  Expenses:Taxes:Y2012:US:Federal:PreTax401k      1200.00 IRAUSD
  Income:US:Hoogle:Salary                        -4615.38 USD   
  Income:US:Hoogle:GroupTermLife                   -24.32 USD   
  Expenses:Health:Life:GroupTermLife                24.32 USD   
  Expenses:Health:Dental:Insurance                   2.90 USD   
  Expenses:Health:Medical:Insurance                 27.38 USD   
  Expenses:Health:Vision:Insurance                  42.30 USD   
  Expenses:Taxes:Y2012:US:Medicare                 106.62 USD   
  Expenses:Taxes:Y2012:US:Federal                 1062.92 USD   
  Expenses:Taxes:Y2012:US:State                    365.08 USD   
  Expenses:Taxes:Y2012:US:CityNYC                  174.92 USD   
  Expenses:Taxes:Y2012:US:SDI                        1.12 USD   
  Expenses:Taxes:Y2012:US:SocSec                   281.54 USD   
  Assets:US:Hoogle:Vacation                             5 VACHR 
  Income:US:Hoogle:Vacation                            -5 VACHR 

2012-07-19 * "Hoogle" | "Payroll"
  Assets:US:BofA:Checking                         2350.60 USD   
  Assets:US:Vanguard:Cash                          200.00 USD   
  Assets:US:Federal:PreTax401k                    -200.00 IRAUSD
  Expenses:Taxes:Y2012:US:Federal:PreTax401k       200.00 IRAUSD
  Income:US:Hoogle:Salary                        -4615.38 USD   
  Income:US:Hoogle:GroupTermLife                   -24.32 USD   
  Expenses:Health:Life:GroupTermLife                24.32 USD   
  Expenses:Health:Dental:Insurance                   2.90 USD   
  Expenses:Health:Medical:Insurance                 27.38 USD   
  Expenses:Health:Vision:Insurance                  42.30 USD   
  Expenses:Taxes:Y2012:US:Medicare                 106.62 USD   
  Expenses:Taxes:Y2012:US:Federal                 1062.92 USD   
  Expenses:Taxes:Y2012:US:State                    365.08 USD   
  Expenses:Taxes:Y2012:US:CityNYC                  174.92 USD   
  Expenses:Taxes:Y2012:US:SDI                        1.12 USD   
  Expenses:Taxes:Y2012:US:SocSec                   281.54 USD   
  Assets:US:Hoogle:Vacation                             5 VACHR 
  Income:US:Hoogle:Vacation                            -5 VACHR 

2012-08-02 * "Hoogle" | "Payroll"
  Assets:US:BofA:Checking                         2550.60 USD   
  Assets:US:Federal:PreTax401k                          0 IRAUSD
  Income:US:Hoogle:Salary                        -4615.38 USD   
  Income:US:Hoogle:GroupTermLife                   -24.32 USD   
  Expenses:Health:Life:GroupTermLife                24.32 USD   
  Expenses:Health:Dental:Insurance                   2.90 USD   
  Expenses:Health:Medical:Insurance                 27.38 USD   
  Expenses:Health:Vision:Insurance                  42.30 USD   
  Expenses:Taxes:Y2012:US:Medicare                 106.62 USD   
  Expenses:Taxes:Y2012:US:Federal                 1062.92 USD   
  Expenses:Taxes:Y2012:US:State                    365.08 USD   
  Expenses:Taxes:Y2012:US:CityNYC                  174.92 USD   
  Expenses:Taxes:Y2012:US:SDI                        1.12 USD   
  Expenses:Taxes:Y2012:US:SocSec                   281.54 USD   
  Assets:US:Hoogle:Vacation                             5 VACHR 
  Income:US:Hoogle:Vacation                            -5 VACHR 

2012-08-16 * "Hoogle" | "Payroll"
  Assets:US:BofA:Checking                         2550.60 USD   
  Assets:US:Federal:PreTax401k                          0 IRAUSD
  Income:US:Hoogle:Salary                        -4615.38 USD   
  Income:US:Hoogle:GroupTermLife                   -24.32 USD   
  Expenses:Health:Life:GroupTermLife                24.32 USD   
  Expenses:Health:Dental:Insurance                   2.90 USD   
  Expenses:Health:Medical:Insurance                 27.38 USD   
  Expenses:Health:Vision:Insurance                  42.30 USD   
  Expenses:Taxes:Y2012:US:Medicare                 106.62 USD   
  Expenses:Taxes:Y2012:US:Federal                 1062.92 USD   
  Expenses:Taxes:Y2012:US:State                    365.08 USD   
  Expenses:Taxes:Y2012:US:CityNYC                  174.92 USD   
  Expenses:Taxes:Y2012:US:SDI                        1.12 USD   
  Expenses:Taxes:Y2012:US:SocSec                   281.54 USD   
  Assets:US:Hoogle:Vacation                             5 VACHR 
  Income:US:Hoogle:Vacation                            -5 VACHR 

2012-08-30 * "Hoogle" | "Payroll"
  Assets:US:BofA:Checking                         2550.60 USD   
  Assets:US:Federal:PreTax401k                          0 IRAUSD
  Income:US:Hoogle:Salary                        -4615.38 USD   
  Income:US:Hoogle:GroupTermLife                   -24.32 USD   
  Expenses:Health:Life:GroupTermLife                24.32 USD   
  Expenses:Health:Dental:Insurance                   2.90 USD   
  Expenses:Health:Medical:Insurance                 27.38 USD   
  Expenses:Health:Vision:Insurance                  42.30 USD   
  Expenses:Taxes:Y2012:US:Medicare                 106.62 USD   
  Expenses:Taxes:Y2012:US:Federal                 1062.92 USD   
  Expenses:Taxes:Y2012:US:State                    365.08 USD   
  Expenses:Taxes:Y2012:US:CityNYC                  174.92 USD   
  Expenses:Taxes:Y2012:US:SDI                        1.12 USD   
  Expenses:Taxes:Y2012:US:SocSec                   281.54 USD   
  Assets:US:Hoogle:Vacation                             5 VACHR 
  Income:US:Hoogle:Vacation                            -5 VACHR 

2012-09-13 * "Hoogle" | "Payroll"
  Assets:US:BofA:Checking                         2550.60 USD   
  Assets:US:Federal:PreTax401k                          0 IRAUSD
  Income:US:Hoogle:Salary                        -4615.38 USD   
  Income:US:Hoogle:GroupTermLife                   -24.32 USD   
  Expenses:Health:Life:GroupTermLife                24.32 USD   
  Expenses:Health:Dental:Insurance                   2.90 USD   
  Expenses:Health:Medical:Insurance                 27.38 USD   
  Expenses:Health:Vision:Insurance                  42.30 USD   
  Expenses:Taxes:Y2012:US:Medicare                 106.62 USD   
  Expenses:Taxes:Y2012:US:Federal                 1062.92 USD   
  Expenses:Taxes:Y2012:US:State                    365.08 USD   
  Expenses:Taxes:Y2012:US:CityNYC                  174.92 USD   
  Expenses:Taxes:Y2012:US:SDI                        1.12 USD   
  Expenses:Taxes:Y2012:US:SocSec                   281.54 USD   
  Assets:US:Hoogle:Vacation                             5 VACHR 
  Income:US:Hoogle:Vacation                            -5 VACHR 

2012-09-27 * "Hoogle" | "Payroll"
  Assets:US:BofA:Checking                         2550.60 USD   
  Assets:US:Federal:PreTax401k                          0 IRAUSD
  Income:US:Hoogle:Salary                        -4615.38 USD   
  Income:US:Hoogle:GroupTermLife                   -24.32 USD   
  Expenses:Health:Life:GroupTermLife                24.32 USD   
  Expenses:Health:Dental:Insurance                   2.90 USD   
  Expenses:Health:Medical:Insurance                 27.38 USD   
  Expenses:Health:Vision:Insurance                  42.30 USD   
  Expenses:Taxes:Y2012:US:Medicare                 106.62 USD   
  Expenses:Taxes:Y2012:US:Federal                 1062.92 USD   
  Expenses:Taxes:Y2012:US:State                    365.08 USD   
  Expenses:Taxes:Y2012:US:CityNYC                  174.92 USD   
  Expenses:Taxes:Y2012:US:SDI                        1.12 USD   
  Expenses:Taxes:Y2012:US:SocSec                   281.54 USD   
  Assets:US:Hoogle:Vacation                             5 VACHR 
  Income:US:Hoogle:Vacation                            -5 VACHR 

2012-10-11 * "Hoogle" | "Payroll"
  Assets:US:BofA:Checking                         2550.60 USD   
  Assets:US:Federal:PreTax401k                          0 IRAUSD
  Income:US:Hoogle:Salary                        -4615.38 USD   
  Income:US:Hoogle:GroupTermLife                   -24.32 USD   
  Expenses:Health:Life:GroupTermLife                24.32 USD   
  Expenses:Health:Dental:Insurance                   2.90 USD   
  Expenses:Health:Medical:Insurance                 27.38 USD   
  Expenses:Health:Vision:Insurance                  42.30 USD   
  Expenses:Taxes:Y2012:US:Medicare                 106.62 USD   
  Expenses:Taxes:Y2012:US:Federal                 1062.92 USD   
  Expenses:Taxes:Y2012:US:State                    365.08 USD   
  Expenses:Taxes:Y2012:US:CityNYC                  174.92 USD   
  Expenses:Taxes:Y2012:US:SDI                        1.12 USD   
  Expenses:Taxes:Y2012:US:SocSec                   281.54 USD   
  Assets:US:Hoogle:Vacation                             5 VACHR 
  Income:US:Hoogle:Vacation                            -5 VACHR 

2012-10-25 * "Hoogle" | "Payroll"
  Assets:US:BofA:Checking                         2550.60 USD   
  Assets:US:Federal:PreTax401k                          0 IRAUSD
  Income:US:Hoogle:Salary                        -4615.38 USD   
  Income:US:Hoogle:GroupTermLife                   -24.32 USD   
  Expenses:Health:Life:GroupTermLife                24.32 USD   
  Expenses:Health:Dental:Insurance                   2.90 USD   
  Expenses:Health:Medical:Insurance                 27.38 USD   
  Expenses:Health:Vision:Insurance                  42.30 USD   
  Expenses:Taxes:Y2012:US:Medicare                 106.62 USD   
  Expenses:Taxes:Y2012:US:Federal                 1062.92 USD   
  Expenses:Taxes:Y2012:US:State                    365.08 USD   
  Expenses:Taxes:Y2012:US:CityNYC                  174.92 USD   
  Expenses:Taxes:Y2012:US:SDI                        1.12 USD   
  Expenses:Taxes:Y2012:US:SocSec                   281.54 USD   
  Assets:US:Hoogle:Vacation                             5 VACHR 
  Income:US:Hoogle:Vacation                            -5 VACHR 

2012-11-08 * "Hoogle" | "Payroll"
  Assets:US:BofA:Checking                         2550.60 USD   
  Assets:US:Federal:PreTax401k                          0 IRAUSD
  Income:US:Hoogle:Salary                        -4615.38 USD   
  Income:US:Hoogle:GroupTermLife                   -24.32 USD   
  Expenses:Health:Life:GroupTermLife                24.32 USD   
  Expenses:Health:Dental:Insurance                   2.90 USD   
  Expenses:Health:Medical:Insurance                 27.38 USD   
  Expenses:Health:Vision:Insurance                  42.30 USD   
  Expenses:Taxes:Y2012:US:Medicare                 106.62 USD   
  Expenses:Taxes:Y2012:US:Federal                 1062.92 USD   
  Expenses:Taxes:Y2012:US:State                    365.08 USD   
  Expenses:Taxes:Y2012:US:CityNYC                  174.92 USD   
  Expenses:Taxes:Y2012:US:SDI                        1.12 USD   
  Expenses:Taxes:Y2012:US:SocSec                   281.54 USD   
  Assets:US:Hoogle:Vacation                             5 VACHR 
  Income:US:Hoogle:Vacation                            -5 VACHR 

2012-11-22 * "Hoogle" | "Payroll"
  Assets:US:BofA:Checking                         2550.60 USD   
  Assets:US:Federal:PreTax401k                          0 IRAUSD
  Income:US:Hoogle:Salary                        -4615.38 USD   
  Income:US:Hoogle:GroupTermLife                   -24.32 USD   
  Expenses:Health:Life:GroupTermLife                24.32 USD   
  Expenses:Health:Dental:Insurance                   2.90 USD   
  Expenses:Health:Medical:Insurance                 27.38 USD   
  Expenses:Health:Vision:Insurance                  42.30 USD   
  Expenses:Taxes:Y2012:US:Medicare                 106.62 USD   
  Expenses:Taxes:Y2012:US:Federal                 1062.92 USD   
  Expenses:Taxes:Y2012:US:State                    365.08 USD   
  Expenses:Taxes:Y2012:US:CityNYC                  174.92 USD   
  Expenses:Taxes:Y2012:US:SDI                        1.12 USD   
  Expenses:Taxes:Y2012:US:SocSec                   281.54 USD   
  Assets:US:Hoogle:Vacation                             5 VACHR 
  Income:US:Hoogle:Vacation                            -5 VACHR 

2012-12-06 * "Hoogle" | "Payroll"
  Assets:US:BofA:Checking                         2589.06 USD   
  Assets:US:Federal:PreTax401k                          0 IRAUSD
  Income:US:Hoogle:Salary                        -4615.38 USD   
  Income:US:Hoogle:GroupTermLife                   -24.32 USD   
  Expenses:Health:Life:GroupTermLife                24.32 USD   
  Expenses:Health:Dental:Insurance                   2.90 USD   
  Expenses:Health:Medical:Insurance                 27.38 USD   
  Expenses:Health:Vision:Insurance                  42.30 USD   
  Expenses:Taxes:Y2012:US:Medicare                 106.62 USD   
  Expenses:Taxes:Y2012:US:Federal                 1062.92 USD   
  Expenses:Taxes:Y2012:US:State                    365.08 USD   
  Expenses:Taxes:Y2012:US:CityNYC                  174.92 USD   
  Expenses:Taxes:Y2012:US:SDI                        1.12 USD   
  Expenses:Taxes:Y2012:US:SocSec                   243.08 USD   
  Assets:US:Hoogle:Vacation                             5 VACHR 
  Income:US:Hoogle:Vacation                            -5 VACHR 

2012-12-20 * "Hoogle" | "Payroll"
  Assets:US:BofA:Checking                         2832.14 USD   
  Assets:US:Federal:PreTax401k                          0 IRAUSD
  Income:US:Hoogle:Salary                        -4615.38 USD   
  Income:US:Hoogle:GroupTermLife                   -24.32 USD   
  Expenses:Health:Life:GroupTermLife                24.32 USD   
  Expenses:Health:Dental:Insurance                   2.90 USD   
  Expenses:Health:Medical:Insurance                 27.38 USD   
  Expenses:Health:Vision:Insurance                  42.30 USD   
  Expenses:Taxes:Y2012:US:Medicare                 106.62 USD   
  Expenses:Taxes:Y2012:US:Federal                 1062.92 USD   
  Expenses:Taxes:Y2012:US:State                    365.08 USD   
  Expenses:Taxes:Y2012:US:CityNYC                  174.92 USD   
  Expenses:Taxes:Y2012:US:SDI                        1.12 USD   
  Expenses:Taxes:Y2012:US:SocSec                        0 USD   
  Assets:US:Hoogle:Vacation                             5 VACHR 
  Income:US:Hoogle:Vacation                            -5 VACHR 

2013-01-03 * "Hoogle" | "Payroll"
  Assets:US:BofA:Checking                         1350.60 USD   
  Assets:US:Vanguard:Cash                         1200.00 USD   
  Assets:US:Federal:PreTax401k                   -1200.00 IRAUSD
  Expenses:Taxes:Y2013:US:Federal:PreTax401k      1200.00 IRAUSD
  Income:US:Hoogle:Salary                        -4615.38 USD   
  Income:US:Hoogle:GroupTermLife                   -24.32 USD   
  Expenses:Health:Life:GroupTermLife                24.32 USD   
  Expenses:Health:Dental:Insurance                   2.90 USD   
  Expenses:Health:Medical:Insurance                 27.38 USD   
  Expenses:Health:Vision:Insurance                  42.30 USD   
  Expenses:Taxes:Y2013:US:Medicare                 106.62 USD   
  Expenses:Taxes:Y2013:US:Federal                 1062.92 USD   
  Expenses:Taxes:Y2013:US:State                    365.08 USD   
  Expenses:Taxes:Y2013:US:CityNYC                  174.92 USD   
  Expenses:Taxes:Y2013:US:SDI                        1.12 USD   
  Expenses:Taxes:Y2013:US:SocSec                   281.54 USD   
  Assets:US:Hoogle:Vacation                             5 VACHR 
  Income:US:Hoogle:Vacation                            -5 VACHR 

2013-01-17 * "Hoogle" | "Payroll"
  Assets:US:BofA:Checking                         1350.60 USD   
  Assets:US:Vanguard:Cash                         1200.00 USD   
  Assets:US:Federal:PreTax401k                   -1200.00 IRAUSD
  Expenses:Taxes:Y2013:US:Federal:PreTax401k      1200.00 IRAUSD
  Income:US:Hoogle:Salary                        -4615.38 USD   
  Income:US:Hoogle:GroupTermLife                   -24.32 USD   
  Expenses:Health:Life:GroupTermLife                24.32 USD   
  Expenses:Health:Dental:Insurance                   2.90 USD   
  Expenses:Health:Medical:Insurance                 27.38 USD   
  Expenses:Health:Vision:Insurance                  42.30 USD   
  Expenses:Taxes:Y2013:US:Medicare                 106.62 USD   
  Expenses:Taxes:Y2013:US:Federal                 1062.92 USD   
  Expenses:Taxes:Y2013:US:State                    365.08 USD   
  Expenses:Taxes:Y2013:US:CityNYC                  174.92 USD   
  Expenses:Taxes:Y2013:US:SDI                        1.12 USD   
  Expenses:Taxes:Y2013:US:SocSec                   281.54 USD   
  Assets:US:Hoogle:Vacation                             5 VACHR 
  Income:US:Hoogle:Vacation                            -5 VACHR 

2013-01-31 * "Hoogle" | "Payroll"
  Assets:US:BofA:Checking                         1350.60 USD   
  Assets:US:Vanguard:Cash                         1200.00 USD   
  Assets:US:Federal:PreTax401k                   -1200.00 IRAUSD
  Expenses:Taxes:Y2013:US:Federal:PreTax401k      1200.00 IRAUSD
  Income:US:Hoogle:Salary                        -4615.38 USD   
  Income:US:Hoogle:GroupTermLife                   -24.32 USD   
  Expenses:Health:Life:GroupTermLife                24.32 USD   
  Expenses:Health:Dental:Insurance                   2.90 USD   
  Expenses:Health:Medical:Insurance                 27.38 USD   
  Expenses:Health:Vision:Insurance                  42.30 USD   
  Expenses:Taxes:Y2013:US:Medicare                 106.62 USD   
  Expenses:Taxes:Y2013:US:Federal                 1062.92 USD   
  Expenses:Taxes:Y2013:US:State                    365.08 USD   
  Expenses:Taxes:Y2013:US:CityNYC                  174.92 USD   
  Expenses:Taxes:Y2013:US:SDI                        1.12 USD   
  Expenses:Taxes:Y2013:US:SocSec                   281.54 USD   
  Assets:US:Hoogle:Vacation                             5 VACHR 
  Income:US:Hoogle:Vacation                            -5 VACHR 

2013-02-14 * "Hoogle" | "Payroll"
  Assets:US:BofA:Checking                         1350.60 USD   
  Assets:US:Vanguard:Cash                         1200.00 USD   
  Assets:US:Federal:PreTax401k                   -1200.00 IRAUSD
  Expenses:Taxes:Y2013:US:Federal:PreTax401k      1200.00 IRAUSD
  Income:US:Hoogle:Salary                        -4615.38 USD   
  Income:US:Hoogle:GroupTermLife                   -24.32 USD   
  Expenses:Health:Life:GroupTermLife                24.32 USD   
  Expenses:Health:Dental:Insurance                   2.90 USD   
  Expenses:Health:Medical:Insurance                 27.38 USD   
  Expenses:Health:Vision:Insurance                  42.30 USD   
  Expenses:Taxes:Y2013:US:Medicare                 106.62 USD   
  Expenses:Taxes:Y2013:US:Federal                 1062.92 USD   
  Expenses:Taxes:Y2013:US:State                    365.08 USD   
  Expenses:Taxes:Y2013:US:CityNYC                  174.92 USD   
  Expenses:Taxes:Y2013:US:SDI                        1.12 USD   
  Expenses:Taxes:Y2013:US:SocSec                   281.54 USD   
  Assets:US:Hoogle:Vacation                             5 VACHR 
  Income:US:Hoogle:Vacation                            -5 VACHR 

2013-02-28 * "Hoogle" | "Payroll"
  Assets:US:BofA:Checking                         1350.60 USD   
  Assets:US:Vanguard:Cash                         1200.00 USD   
  Assets:US:Federal:PreTax401k                   -1200.00 IRAUSD
  Expenses:Taxes:Y2013:US:Federal:PreTax401k      1200.00 IRAUSD
  Income:US:Hoogle:Salary                        -4615.38 USD   
  Income:US:Hoogle:GroupTermLife                   -24.32 USD   
  Expenses:Health:Life:GroupTermLife                24.32 USD   
  Expenses:Health:Dental:Insurance                   2.90 USD   
  Expenses:Health:Medical:Insurance                 27.38 USD   
  Expenses:Health:Vision:Insurance                  42.30 USD   
  Expenses:Taxes:Y2013:US:Medicare                 106.62 USD   
  Expenses:Taxes:Y2013:US:Federal                 1062.92 USD   
  Expenses:Taxes:Y2013:US:State                    365.08 USD   
  Expenses:Taxes:Y2013:US:CityNYC                  174.92 USD   
  Expenses:Taxes:Y2013:US:SDI                        1.12 USD   
  Expenses:Taxes:Y2013:US:SocSec                   281.54 USD   
  Assets:US:Hoogle:Vacation                             5 VACHR 
  Income:US:Hoogle:Vacation                            -5 VACHR 

2013-03-14 * "Hoogle" | "Payroll"
  Assets:US:BofA:Checking                         1350.60 USD   
  Assets:US:Vanguard:Cash                         1200.00 USD   
  Assets:US:Federal:PreTax401k                   -1200.00 IRAUSD
  Expenses:Taxes:Y2013:US:Federal:PreTax401k      1200.00 IRAUSD
  Income:US:Hoogle:Salary                        -4615.38 USD   
  Income:US:Hoogle:GroupTermLife                   -24.32 USD   
  Expenses:Health:Life:GroupTermLife                24.32 USD   
  Expenses:Health:Dental:Insurance                   2.90 USD   
  Expenses:Health:Medical:Insurance                 27.38 USD   
  Expenses:Health:Vision:Insurance                  42.30 USD   
  Expenses:Taxes:Y2013:US:Medicare                 106.62 USD   
  Expenses:Taxes:Y2013:US:Federal                 1062.92 USD   
  Expenses:Taxes:Y2013:US:State                    365.08 USD   
  Expenses:Taxes:Y2013:US:CityNYC                  174.92 USD   
  Expenses:Taxes:Y2013:US:SDI                        1.12 USD   
  Expenses:Taxes:Y2013:US:SocSec                   281.54 USD   
  Assets:US:Hoogle:Vacation                             5 VACHR 
  Income:US:Hoogle:Vacation                            -5 VACHR 

2013-03-28 * "Hoogle" | "Payroll"
  Assets:US:BofA:Checking                         1350.60 USD   
  Assets:US:Vanguard:Cash                         1200.00 USD   
  Assets:US:Federal:PreTax401k                   -1200.00 IRAUSD
  Expenses:Taxes:Y2013:US:Federal:PreTax401k      1200.00 IRAUSD
  Income:US:Hoogle:Salary                        -4615.38 USD   
  Income:US:Hoogle:GroupTermLife                   -24.32 USD   
  Expenses:Health:Life:GroupTermLife                24.32 USD   
  Expenses:Health:Dental:Insurance                   2.90 USD   
  Expenses:Health:Medical:Insurance                 27.38 USD   
  Expenses:Health:Vision:Insurance                  42.30 USD   
  Expenses:Taxes:Y2013:US:Medicare                 106.62 USD   
  Expenses:Taxes:Y2013:US:Federal                 1062.92 USD   
  Expenses:Taxes:Y2013:US:State                    365.08 USD   
  Expenses:Taxes:Y2013:US:CityNYC                  174.92 USD   
  Expenses:Taxes:Y2013:US:SDI                        1.12 USD   
  Expenses:Taxes:Y2013:US:SocSec                   281.54 USD   
  Assets:US:Hoogle:Vacation                             5 VACHR 
  Income:US:Hoogle:Vacation                            -5 VACHR 

2013-04-11 * "Hoogle" | "Payroll"
  Assets:US:BofA:Checking                         1350.60 USD   
  Assets:US:Vanguard:Cash                         1200.00 USD   
  Assets:US:Federal:PreTax401k                   -1200.00 IRAUSD
  Expenses:Taxes:Y2013:US:Federal:PreTax401k      1200.00 IRAUSD
  Income:US:Hoogle:Salary                        -4615.38 USD   
  Income:US:Hoogle:GroupTermLife                   -24.32 USD   
  Expenses:Health:Life:GroupTermLife                24.32 USD   
  Expenses:Health:Dental:Insurance                   2.90 USD   
  Expenses:Health:Medical:Insurance                 27.38 USD   
  Expenses:Health:Vision:Insurance                  42.30 USD   
  Expenses:Taxes:Y2013:US:Medicare                 106.62 USD   
  Expenses:Taxes:Y2013:US:Federal                 1062.92 USD   
  Expenses:Taxes:Y2013:US:State                    365.08 USD   
  Expenses:Taxes:Y2013:US:CityNYC                  174.92 USD   
  Expenses:Taxes:Y2013:US:SDI                        1.12 USD   
  Expenses:Taxes:Y2013:US:SocSec                   281.54 USD   
  Assets:US:Hoogle:Vacation                             5 VACHR 
  Income:US:Hoogle:Vacation                            -5 VACHR 

2013-04-25 * "Hoogle" | "Payroll"
  Assets:US:BofA:Checking                         1350.60 USD   
  Assets:US:Vanguard:Cash                         1200.00 USD   
  Assets:US:Federal:PreTax401k                   -1200.00 IRAUSD
  Expenses:Taxes:Y2013:US:Federal:PreTax401k      1200.00 IRAUSD
  Income:US:Hoogle:Salary                        -4615.38 USD   
  Income:US:Hoogle:GroupTermLife                   -24.32 USD   
  Expenses:Health:Life:GroupTermLife                24.32 USD   
  Expenses:Health:Dental:Insurance                   2.90 USD   
  Expenses:Health:Medical:Insurance                 27.38 USD   
  Expenses:Health:Vision:Insurance                  42.30 USD   
  Expenses:Taxes:Y2013:US:Medicare                 106.62 USD   
  Expenses:Taxes:Y2013:US:Federal                 1062.92 USD   
  Expenses:Taxes:Y2013:US:State                    365.08 USD   
  Expenses:Taxes:Y2013:US:CityNYC                  174.92 USD   
  Expenses:Taxes:Y2013:US:SDI                        1.12 USD   
  Expenses:Taxes:Y2013:US:SocSec                   281.54 USD   
  Assets:US:Hoogle:Vacation                             5 VACHR 
  Income:US:Hoogle:Vacation                            -5 VACHR 

2013-05-09 * "Hoogle" | "Payroll"
  Assets:US:BofA:Checking                         1350.60 USD   
  Assets:US:Vanguard:Cash                         1200.00 USD   
  Assets:US:Federal:PreTax401k                   -1200.00 IRAUSD
  Expenses:Taxes:Y2013:US:Federal:PreTax401k      1200.00 IRAUSD
  Income:US:Hoogle:Salary                        -4615.38 USD   
  Income:US:Hoogle:GroupTermLife                   -24.32 USD   
  Expenses:Health:Life:GroupTermLife                24.32 USD   
  Expenses:Health:Dental:Insurance                   2.90 USD   
  Expenses:Health:Medical:Insurance                 27.38 USD   
  Expenses:Health:Vision:Insurance                  42.30 USD   
  Expenses:Taxes:Y2013:US:Medicare                 106.62 USD   
  Expenses:Taxes:Y2013:US:Federal                 1062.92 USD   
  Expenses:Taxes:Y2013:US:State                    365.08 USD   
  Expenses:Taxes:Y2013:US:CityNYC                  174.92 USD   
  Expenses:Taxes:Y2013:US:SDI                        1.12 USD   
  Expenses:Taxes:Y2013:US:SocSec                   281.54 USD   
  Assets:US:Hoogle:Vacation                             5 VACHR 
  Income:US:Hoogle:Vacation                            -5 VACHR 

2013-05-23 * "Hoogle" | "Payroll"
  Assets:US:BofA:Checking                         1350.60 USD   
  Assets:US:Vanguard:Cash                         1200.00 USD   
  Assets:US:Federal:PreTax401k                   -1200.00 IRAUSD
  Expenses:Taxes:Y2013:US:Federal:PreTax401k      1200.00 IRAUSD
  Income:US:Hoogle:Salary                        -4615.38 USD   
  Income:US:Hoogle:GroupTermLife                   -24.32 USD   
  Expenses:Health:Life:GroupTermLife                24.32 USD   
  Expenses:Health:Dental:Insurance                   2.90 USD   
  Expenses:Health:Medical:Insurance                 27.38 USD   
  Expenses:Health:Vision:Insurance                  42.30 USD   
  Expenses:Taxes:Y2013:US:Medicare                 106.62 USD   
  Expenses:Taxes:Y2013:US:Federal                 1062.92 USD   
  Expenses:Taxes:Y2013:US:State                    365.08 USD   
  Expenses:Taxes:Y2013:US:CityNYC                  174.92 USD   
  Expenses:Taxes:Y2013:US:SDI                        1.12 USD   
  Expenses:Taxes:Y2013:US:SocSec                   281.54 USD   
  Assets:US:Hoogle:Vacation                             5 VACHR 
  Income:US:Hoogle:Vacation                            -5 VACHR 

2013-06-06 * "Hoogle" | "Payroll"
  Assets:US:BofA:Checking                         1350.60 USD   
  Assets:US:Vanguard:Cash                         1200.00 USD   
  Assets:US:Federal:PreTax401k                   -1200.00 IRAUSD
  Expenses:Taxes:Y2013:US:Federal:PreTax401k      1200.00 IRAUSD
  Income:US:Hoogle:Salary                        -4615.38 USD   
  Income:US:Hoogle:GroupTermLife                   -24.32 USD   
  Expenses:Health:Life:GroupTermLife                24.32 USD   
  Expenses:Health:Dental:Insurance                   2.90 USD   
  Expenses:Health:Medical:Insurance                 27.38 USD   
  Expenses:Health:Vision:Insurance                  42.30 USD   
  Expenses:Taxes:Y2013:US:Medicare                 106.62 USD   
  Expenses:Taxes:Y2013:US:Federal                 1062.92 USD   
  Expenses:Taxes:Y2013:US:State                    365.08 USD   
  Expenses:Taxes:Y2013:US:CityNYC                  174.92 USD   
  Expenses:Taxes:Y2013:US:SDI                        1.12 USD   
  Expenses:Taxes:Y2013:US:SocSec                   281.54 USD   
  Assets:US:Hoogle:Vacation                             5 VACHR 
  Income:US:Hoogle:Vacation                            -5 VACHR 

2013-06-20 * "Hoogle" | "Payroll"
  Assets:US:BofA:Checking                         1350.60 USD   
  Assets:US:Vanguard:Cash                         1200.00 USD   
  Assets:US:Federal:PreTax401k                   -1200.00 IRAUSD
  Expenses:Taxes:Y2013:US:Federal:PreTax401k      1200.00 IRAUSD
  Income:US:Hoogle:Salary                        -4615.38 USD   
  Income:US:Hoogle:GroupTermLife                   -24.32 USD   
  Expenses:Health:Life:GroupTermLife                24.32 USD   
  Expenses:Health:Dental:Insurance                   2.90 USD   
  Expenses:Health:Medical:Insurance                 27.38 USD   
  Expenses:Health:Vision:Insurance                  42.30 USD   
  Expenses:Taxes:Y2013:US:Medicare                 106.62 USD   
  Expenses:Taxes:Y2013:US:Federal                 1062.92 USD   
  Expenses:Taxes:Y2013:US:State                    365.08 USD   
  Expenses:Taxes:Y2013:US:CityNYC                  174.92 USD   
  Expenses:Taxes:Y2013:US:SDI                        1.12 USD   
  Expenses:Taxes:Y2013:US:SocSec                   281.54 USD   
  Assets:US:Hoogle:Vacation                             5 VACHR 
  Income:US:Hoogle:Vacation                            -5 VACHR 

2013-07-04 * "Hoogle" | "Payroll"
  Assets:US:BofA:Checking                         1350.60 USD   
  Assets:US:Vanguard:Cash                         1200.00 USD   
  Assets:US:Federal:PreTax401k                   -1200.00 IRAUSD
  Expenses:Taxes:Y2013:US:Federal:PreTax401k      1200.00 IRAUSD
  Income:US:Hoogle:Salary                        -4615.38 USD   
  Income:US:Hoogle:GroupTermLife                   -24.32 USD   
  Expenses:Health:Life:GroupTermLife                24.32 USD   
  Expenses:Health:Dental:Insurance                   2.90 USD   
  Expenses:Health:Medical:Insurance                 27.38 USD   
  Expenses:Health:Vision:Insurance                  42.30 USD   
  Expenses:Taxes:Y2013:US:Medicare                 106.62 USD   
  Expenses:Taxes:Y2013:US:Federal                 1062.92 USD   
  Expenses:Taxes:Y2013:US:State                    365.08 USD   
  Expenses:Taxes:Y2013:US:CityNYC                  174.92 USD   
  Expenses:Taxes:Y2013:US:SDI                        1.12 USD   
  Expenses:Taxes:Y2013:US:SocSec                   281.54 USD   
  Assets:US:Hoogle:Vacation                             5 VACHR 
  Income:US:Hoogle:Vacation                            -5 VACHR 

2013-07-18 * "Hoogle" | "Payroll"
  Assets:US:BofA:Checking                         1850.60 USD   
  Assets:US:Vanguard:Cash                          700.00 USD   
  Assets:US:Federal:PreTax401k                    -700.00 IRAUSD
  Expenses:Taxes:Y2013:US:Federal:PreTax401k       700.00 IRAUSD
  Income:US:Hoogle:Salary                        -4615.38 USD   
  Income:US:Hoogle:GroupTermLife                   -24.32 USD   
  Expenses:Health:Life:GroupTermLife                24.32 USD   
  Expenses:Health:Dental:Insurance                   2.90 USD   
  Expenses:Health:Medical:Insurance                 27.38 USD   
  Expenses:Health:Vision:Insurance                  42.30 USD   
  Expenses:Taxes:Y2013:US:Medicare                 106.62 USD   
  Expenses:Taxes:Y2013:US:Federal                 1062.92 USD   
  Expenses:Taxes:Y2013:US:State                    365.08 USD   
  Expenses:Taxes:Y2013:US:CityNYC                  174.92 USD   
  Expenses:Taxes:Y2013:US:SDI                        1.12 USD   
  Expenses:Taxes:Y2013:US:SocSec                   281.54 USD   
  Assets:US:Hoogle:Vacation                             5 VACHR 
  Income:US:Hoogle:Vacation                            -5 VACHR 

2013-08-01 * "Hoogle" | "Payroll"
  Assets:US:BofA:Checking                         2550.60 USD   
  Assets:US:Federal:PreTax401k                          0 IRAUSD
  Income:US:Hoogle:Salary                        -4615.38 USD   
  Income:US:Hoogle:GroupTermLife                   -24.32 USD   
  Expenses:Health:Life:GroupTermLife                24.32 USD   
  Expenses:Health:Dental:Insurance                   2.90 USD   
  Expenses:Health:Medical:Insurance                 27.38 USD   
  Expenses:Health:Vision:Insurance                  42.30 USD   
  Expenses:Taxes:Y2013:US:Medicare                 106.62 USD   
  Expenses:Taxes:Y2013:US:Federal                 1062.92 USD   
  Expenses:Taxes:Y2013:US:State                    365.08 USD   
  Expenses:Taxes:Y2013:US:CityNYC                  174.92 USD   
  Expenses:Taxes:Y2013:US:SDI                        1.12 USD   
  Expenses:Taxes:Y2013:US:SocSec                   281.54 USD   
  Assets:US:Hoogle:Vacation                             5 VACHR 
  Income:US:Hoogle:Vacation                            -5 VACHR 

2013-08-15 * "Hoogle" | "Payroll"
  Assets:US:BofA:Checking                         2550.60 USD   
  Assets:US:Federal:PreTax401k                          0 IRAUSD
  Income:US:Hoogle:Salary                        -4615.38 USD   
  Income:US:Hoogle:GroupTermLife                   -24.32 USD   
  Expenses:Health:Life:GroupTermLife                24.32 USD   
  Expenses:Health:Dental:Insurance                   2.90 USD   
  Expenses:Health:Medical:Insurance                 27.38 USD   
  Expenses:Health:Vision:Insurance                  42.30 USD   
  Expenses:Taxes:Y2013:US:Medicare                 106.62 USD   
  Expenses:Taxes:Y2013:US:Federal                 1062.92 USD   
  Expenses:Taxes:Y2013:US:State                    365.08 USD   
  Expenses:Taxes:Y2013:US:CityNYC                  174.92 USD   
  Expenses:Taxes:Y2013:US:SDI                        1.12 USD   
  Expenses:Taxes:Y2013:US:SocSec                   281.54 USD   
  Assets:US:Hoogle:Vacation                             5 VACHR 
  Income:US:Hoogle:Vacation                            -5 VACHR 

2013-08-29 * "Hoogle" | "Payroll"
  Assets:US:BofA:Checking                         2550.60 USD   
  Assets:US:Federal:PreTax401k                          0 IRAUSD
  Income:US:Hoogle:Salary                        -4615.38 USD   
  Income:US:Hoogle:GroupTermLife                   -24.32 USD   
  Expenses:Health:Life:GroupTermLife                24.32 USD   
  Expenses:Health:Dental:Insurance                   2.90 USD   
  Expenses:Health:Medical:Insurance                 27.38 USD   
  Expenses:Health:Vision:Insurance                  42.30 USD   
  Expenses:Taxes:Y2013:US:Medicare                 106.62 USD   
  Expenses:Taxes:Y2013:US:Federal                 1062.92 USD   
  Expenses:Taxes:Y2013:US:State                    365.08 USD   
  Expenses:Taxes:Y2013:US:CityNYC                  174.92 USD   
  Expenses:Taxes:Y2013:US:SDI                        1.12 USD   
  Expenses:Taxes:Y2013:US:SocSec                   281.54 USD   
  Assets:US:Hoogle:Vacation                             5 VACHR 
  Income:US:Hoogle:Vacation                            -5 VACHR 

2013-09-12 * "Hoogle" | "Payroll"
  Assets:US:BofA:Checking                         2550.60 USD   
  Assets:US:Federal:PreTax401k                          0 IRAUSD
  Income:US:Hoogle:Salary                        -4615.38 USD   
  Income:US:Hoogle:GroupTermLife                   -24.32 USD   
  Expenses:Health:Life:GroupTermLife                24.32 USD   
  Expenses:Health:Dental:Insurance                   2.90 USD   
  Expenses:Health:Medical:Insurance                 27.38 USD   
  Expenses:Health:Vision:Insurance                  42.30 USD   
  Expenses:Taxes:Y2013:US:Medicare                 106.62 USD   
  Expenses:Taxes:Y2013:US:Federal                 1062.92 USD   
  Expenses:Taxes:Y2013:US:State                    365.08 USD   
  Expenses:Taxes:Y2013:US:CityNYC                  174.92 USD   
  Expenses:Taxes:Y2013:US:SDI                        1.12 USD   
  Expenses:Taxes:Y2013:US:SocSec                   281.54 USD   
  Assets:US:Hoogle:Vacation                             5 VACHR 
  Income:US:Hoogle:Vacation                            -5 VACHR 

2013-09-26 * "Hoogle" | "Payroll"
  Assets:US:BofA:Checking                         2550.60 USD   
  Assets:US:Federal:PreTax401k                          0 IRAUSD
  Income:US:Hoogle:Salary                        -4615.38 USD   
  Income:US:Hoogle:GroupTermLife                   -24.32 USD   
  Expenses:Health:Life:GroupTermLife                24.32 USD   
  Expenses:Health:Dental:Insurance                   2.90 USD   
  Expenses:Health:Medical:Insurance                 27.38 USD   
  Expenses:Health:Vision:Insurance                  42.30 USD   
  Expenses:Taxes:Y2013:US:Medicare                 106.62 USD   
  Expenses:Taxes:Y2013:US:Federal                 1062.92 USD   
  Expenses:Taxes:Y2013:US:State                    365.08 USD   
  Expenses:Taxes:Y2013:US:CityNYC                  174.92 USD   
  Expenses:Taxes:Y2013:US:SDI                        1.12 USD   
  Expenses:Taxes:Y2013:US:SocSec                   281.54 USD   
  Assets:US:Hoogle:Vacation                             5 VACHR 
  Income:US:Hoogle:Vacation                            -5 VACHR 

2013-10-10 * "Hoogle" | "Payroll"
  Assets:US:BofA:Checking                         2550.60 USD   
  Assets:US:Federal:PreTax401k                          0 IRAUSD
  Income:US:Hoogle:Salary                        -4615.38 USD   
  Income:US:Hoogle:GroupTermLife                   -24.32 USD   
  Expenses:Health:Life:GroupTermLife                24.32 USD   
  Expenses:Health:Dental:Insurance                   2.90 USD   
  Expenses:Health:Medical:Insurance                 27.38 USD   
  Expenses:Health:Vision:Insurance                  42.30 USD   
  Expenses:Taxes:Y2013:US:Medicare                 106.62 USD   
  Expenses:Taxes:Y2013:US:Federal                 1062.92 USD   
  Expenses:Taxes:Y2013:US:State                    365.08 USD   
  Expenses:Taxes:Y2013:US:CityNYC                  174.92 USD   
  Expenses:Taxes:Y2013:US:SDI                        1.12 USD   
  Expenses:Taxes:Y2013:US:SocSec                   281.54 USD   
  Assets:US:Hoogle:Vacation                             5 VACHR 
  Income:US:Hoogle:Vacation                            -5 VACHR 

2013-10-24 * "Hoogle" | "Payroll"
  Assets:US:BofA:Checking                         2550.60 USD   
  Assets:US:Federal:PreTax401k                          0 IRAUSD
  Income:US:Hoogle:Salary                        -4615.38 USD   
  Income:US:Hoogle:GroupTermLife                   -24.32 USD   
  Expenses:Health:Life:GroupTermLife                24.32 USD   
  Expenses:Health:Dental:Insurance                   2.90 USD   
  Expenses:Health:Medical:Insurance                 27.38 USD   
  Expenses:Health:Vision:Insurance                  42.30 USD   
  Expenses:Taxes:Y2013:US:Medicare                 106.62 USD   
  Expenses:Taxes:Y2013:US:Federal                 1062.92 USD   
  Expenses:Taxes:Y2013:US:State                    365.08 USD   
  Expenses:Taxes:Y2013:US:CityNYC                  174.92 USD   
  Expenses:Taxes:Y2013:US:SDI                        1.12 USD   
  Expenses:Taxes:Y2013:US:SocSec                   281.54 USD   
  Assets:US:Hoogle:Vacation                             5 VACHR 
  Income:US:Hoogle:Vacation                            -5 VACHR 

2013-11-07 * "Hoogle" | "Payroll"
  Assets:US:BofA:Checking                         2550.60 USD   
  Assets:US:Federal:PreTax401k                          0 IRAUSD
  Income:US:Hoogle:Salary                        -4615.38 USD   
  Income:US:Hoogle:GroupTermLife                   -24.32 USD   
  Expenses:Health:Life:GroupTermLife                24.32 USD   
  Expenses:Health:Dental:Insurance                   2.90 USD   
  Expenses:Health:Medical:Insurance                 27.38 USD   
  Expenses:Health:Vision:Insurance                  42.30 USD   
  Expenses:Taxes:Y2013:US:Medicare                 106.62 USD   
  Expenses:Taxes:Y2013:US:Federal                 1062.92 USD   
  Expenses:Taxes:Y2013:US:State                    365.08 USD   
  Expenses:Taxes:Y2013:US:CityNYC                  174.92 USD   
  Expenses:Taxes:Y2013:US:SDI                        1.12 USD   
  Expenses:Taxes:Y2013:US:SocSec                   281.54 USD   
  Assets:US:Hoogle:Vacation                             5 VACHR 
  Income:US:Hoogle:Vacation                            -5 VACHR 

2013-11-21 * "Hoogle" | "Payroll"
  Assets:US:BofA:Checking                         2550.60 USD   
  Assets:US:Federal:PreTax401k                          0 IRAUSD
  Income:US:Hoogle:Salary                        -4615.38 USD   
  Income:US:Hoogle:GroupTermLife                   -24.32 USD   
  Expenses:Health:Life:GroupTermLife                24.32 USD   
  Expenses:Health:Dental:Insurance                   2.90 USD   
  Expenses:Health:Medical:Insurance                 27.38 USD   
  Expenses:Health:Vision:Insurance                  42.30 USD   
  Expenses:Taxes:Y2013:US:Medicare                 106.62 USD   
  Expenses:Taxes:Y2013:US:Federal                 1062.92 USD   
  Expenses:Taxes:Y2013:US:State                    365.08 USD   
  Expenses:Taxes:Y2013:US:CityNYC                  174.92 USD   
  Expenses:Taxes:Y2013:US:SDI                        1.12 USD   
  Expenses:Taxes:Y2013:US:SocSec                   281.54 USD   
  Assets:US:Hoogle:Vacation                             5 VACHR 
  Income:US:Hoogle:Vacation                            -5 VACHR 

2013-12-05 * "Hoogle" | "Payroll"
  Assets:US:BofA:Checking                         2589.06 USD   
  Assets:US:Federal:PreTax401k                          0 IRAUSD
  Income:US:Hoogle:Salary                        -4615.38 USD   
  Income:US:Hoogle:GroupTermLife                   -24.32 USD   
  Expenses:Health:Life:GroupTermLife                24.32 USD   
  Expenses:Health:Dental:Insurance                   2.90 USD   
  Expenses:Health:Medical:Insurance                 27.38 USD   
  Expenses:Health:Vision:Insurance                  42.30 USD   
  Expenses:Taxes:Y2013:US:Medicare                 106.62 USD   
  Expenses:Taxes:Y2013:US:Federal                 1062.92 USD   
  Expenses:Taxes:Y2013:US:State                    365.08 USD   
  Expenses:Taxes:Y2013:US:CityNYC                  174.92 USD   
  Expenses:Taxes:Y2013:US:SDI                        1.12 USD   
  Expenses:Taxes:Y2013:US:SocSec                   243.08 USD   
  Assets:US:Hoogle:Vacation                             5 VACHR 
  Income:US:Hoogle:Vacation                            -5 VACHR 

2013-12-19 * "Hoogle" | "Payroll"
  Assets:US:BofA:Checking                         2832.14 USD   
  Assets:US:Federal:PreTax401k                          0 IRAUSD
  Income:US:Hoogle:Salary                        -4615.38 USD   
  Income:US:Hoogle:GroupTermLife                   -24.32 USD   
  Expenses:Health:Life:GroupTermLife                24.32 USD   
  Expenses:Health:Dental:Insurance                   2.90 USD   
  Expenses:Health:Medical:Insurance                 27.38 USD   
  Expenses:Health:Vision:Insurance                  42.30 USD   
  Expenses:Taxes:Y2013:US:Medicare                 106.62 USD   
  Expenses:Taxes:Y2013:US:Federal                 1062.92 USD   
  Expenses:Taxes:Y2013:US:State                    365.08 USD   
  Expenses:Taxes:Y2013:US:CityNYC                  174.92 USD   
  Expenses:Taxes:Y2013:US:SDI                        1.12 USD   
  Expenses:Taxes:Y2013:US:SocSec                        0 USD   
  Assets:US:Hoogle:Vacation                             5 VACHR 
  Income:US:Hoogle:Vacation                            -5 VACHR 

2014-01-02 * "Hoogle" | "Payroll"
  Assets:US:BofA:Checking                         1350.60 USD   
  Assets:US:Vanguard:Cash                         1200.00 USD   
  Assets:US:Federal:PreTax401k                   -1200.00 IRAUSD
  Expenses:Taxes:Y2014:US:Federal:PreTax401k      1200.00 IRAUSD
  Income:US:Hoogle:Salary                        -4615.38 USD   
  Income:US:Hoogle:GroupTermLife                   -24.32 USD   
  Expenses:Health:Life:GroupTermLife                24.32 USD   
  Expenses:Health:Dental:Insurance                   2.90 USD   
  Expenses:Health:Medical:Insurance                 27.38 USD   
  Expenses:Health:Vision:Insurance                  42.30 USD   
  Expenses:Taxes:Y2014:US:Medicare                 106.62 USD   
  Expenses:Taxes:Y2014:US:Federal                 1062.92 USD   
  Expenses:Taxes:Y2014:US:State                    365.08 USD   
  Expenses:Taxes:Y2014:US:CityNYC                  174.92 USD   
  Expenses:Taxes:Y2014:US:SDI                        1.12 USD   
  Expenses:Taxes:Y2014:US:SocSec                   281.54 USD   
  Assets:US:Hoogle:Vacation                             5 VACHR 
  Income:US:Hoogle:Vacation                            -5 VACHR 

2014-01-16 * "Hoogle" | "Payroll"
  Assets:US:BofA:Checking                         1350.60 USD   
  Assets:US:Vanguard:Cash                         1200.00 USD   
  Assets:US:Federal:PreTax401k                   -1200.00 IRAUSD
  Expenses:Taxes:Y2014:US:Federal:PreTax401k      1200.00 IRAUSD
  Income:US:Hoogle:Salary                        -4615.38 USD   
  Income:US:Hoogle:GroupTermLife                   -24.32 USD   
  Expenses:Health:Life:GroupTermLife                24.32 USD   
  Expenses:Health:Dental:Insurance                   2.90 USD   
  Expenses:Health:Medical:Insurance                 27.38 USD   
  Expenses:Health:Vision:Insurance                  42.30 USD   
  Expenses:Taxes:Y2014:US:Medicare                 106.62 USD   
  Expenses:Taxes:Y2014:US:Federal                 1062.92 USD   
  Expenses:Taxes:Y2014:US:State                    365.08 USD   
  Expenses:Taxes:Y2014:US:CityNYC                  174.92 USD   
  Expenses:Taxes:Y2014:US:SDI                        1.12 USD   
  Expenses:Taxes:Y2014:US:SocSec                   281.54 USD   
  Assets:US:Hoogle:Vacation                             5 VACHR 
  Income:US:Hoogle:Vacation                            -5 VACHR 

2014-01-30 * "Hoogle" | "Payroll"
  Assets:US:BofA:Checking                         1350.60 USD   
  Assets:US:Vanguard:Cash                         1200.00 USD   
  Assets:US:Federal:PreTax401k                   -1200.00 IRAUSD
  Expenses:Taxes:Y2014:US:Federal:PreTax401k      1200.00 IRAUSD
  Income:US:Hoogle:Salary                        -4615.38 USD   
  Income:US:Hoogle:GroupTermLife                   -24.32 USD   
  Expenses:Health:Life:GroupTermLife                24.32 USD   
  Expenses:Health:Dental:Insurance                   2.90 USD   
  Expenses:Health:Medical:Insurance                 27.38 USD   
  Expenses:Health:Vision:Insurance                  42.30 USD   
  Expenses:Taxes:Y2014:US:Medicare                 106.62 USD   
  Expenses:Taxes:Y2014:US:Federal                 1062.92 USD   
  Expenses:Taxes:Y2014:US:State                    365.08 USD   
  Expenses:Taxes:Y2014:US:CityNYC                  174.92 USD   
  Expenses:Taxes:Y2014:US:SDI                        1.12 USD   
  Expenses:Taxes:Y2014:US:SocSec                   281.54 USD   
  Assets:US:Hoogle:Vacation                             5 VACHR 
  Income:US:Hoogle:Vacation                            -5 VACHR 

2014-02-13 * "Hoogle" | "Payroll"
  Assets:US:BofA:Checking                         1350.60 USD   
  Assets:US:Vanguard:Cash                         1200.00 USD   
  Assets:US:Federal:PreTax401k                   -1200.00 IRAUSD
  Expenses:Taxes:Y2014:US:Federal:PreTax401k      1200.00 IRAUSD
  Income:US:Hoogle:Salary                        -4615.38 USD   
  Income:US:Hoogle:GroupTermLife                   -24.32 USD   
  Expenses:Health:Life:GroupTermLife                24.32 USD   
  Expenses:Health:Dental:Insurance                   2.90 USD   
  Expenses:Health:Medical:Insurance                 27.38 USD   
  Expenses:Health:Vision:Insurance                  42.30 USD   
  Expenses:Taxes:Y2014:US:Medicare                 106.62 USD   
  Expenses:Taxes:Y2014:US:Federal                 1062.92 USD   
  Expenses:Taxes:Y2014:US:State                    365.08 USD   
  Expenses:Taxes:Y2014:US:CityNYC                  174.92 USD   
  Expenses:Taxes:Y2014:US:SDI                        1.12 USD   
  Expenses:Taxes:Y2014:US:SocSec                   281.54 USD   
  Assets:US:Hoogle:Vacation                             5 VACHR 
  Income:US:Hoogle:Vacation                            -5 VACHR 

2014-02-27 * "Hoogle" | "Payroll"
  Assets:US:BofA:Checking                         1350.60 USD   
  Assets:US:Vanguard:Cash                         1200.00 USD   
  Assets:US:Federal:PreTax401k                   -1200.00 IRAUSD
  Expenses:Taxes:Y2014:US:Federal:PreTax401k      1200.00 IRAUSD
  Income:US:Hoogle:Salary                        -4615.38 USD   
  Income:US:Hoogle:GroupTermLife                   -24.32 USD   
  Expenses:Health:Life:GroupTermLife                24.32 USD   
  Expenses:Health:Dental:Insurance                   2.90 USD   
  Expenses:Health:Medical:Insurance                 27.38 USD   
  Expenses:Health:Vision:Insurance                  42.30 USD   
  Expenses:Taxes:Y2014:US:Medicare                 106.62 USD   
  Expenses:Taxes:Y2014:US:Federal                 1062.92 USD   
  Expenses:Taxes:Y2014:US:State                    365.08 USD   
  Expenses:Taxes:Y2014:US:CityNYC                  174.92 USD   
  Expenses:Taxes:Y2014:US:SDI                        1.12 USD   
  Expenses:Taxes:Y2014:US:SocSec                   281.54 USD   
  Assets:US:Hoogle:Vacation                             5 VACHR 
  Income:US:Hoogle:Vacation                            -5 VACHR 

2014-03-13 * "Hoogle" | "Payroll"
  Assets:US:BofA:Checking                         1350.60 USD   
  Assets:US:Vanguard:Cash                         1200.00 USD   
  Assets:US:Federal:PreTax401k                   -1200.00 IRAUSD
  Expenses:Taxes:Y2014:US:Federal:PreTax401k      1200.00 IRAUSD
  Income:US:Hoogle:Salary                        -4615.38 USD   
  Income:US:Hoogle:GroupTermLife                   -24.32 USD   
  Expenses:Health:Life:GroupTermLife                24.32 USD   
  Expenses:Health:Dental:Insurance                   2.90 USD   
  Expenses:Health:Medical:Insurance                 27.38 USD   
  Expenses:Health:Vision:Insurance                  42.30 USD   
  Expenses:Taxes:Y2014:US:Medicare                 106.62 USD   
  Expenses:Taxes:Y2014:US:Federal                 1062.92 USD   
  Expenses:Taxes:Y2014:US:State                    365.08 USD   
  Expenses:Taxes:Y2014:US:CityNYC                  174.92 USD   
  Expenses:Taxes:Y2014:US:SDI                        1.12 USD   
  Expenses:Taxes:Y2014:US:SocSec                   281.54 USD   
  Assets:US:Hoogle:Vacation                             5 VACHR 
  Income:US:Hoogle:Vacation                            -5 VACHR 

2014-03-27 * "Hoogle" | "Payroll"
  Assets:US:BofA:Checking                         1350.60 USD   
  Assets:US:Vanguard:Cash                         1200.00 USD   
  Assets:US:Federal:PreTax401k                   -1200.00 IRAUSD
  Expenses:Taxes:Y2014:US:Federal:PreTax401k      1200.00 IRAUSD
  Income:US:Hoogle:Salary                        -4615.38 USD   
  Income:US:Hoogle:GroupTermLife                   -24.32 USD   
  Expenses:Health:Life:GroupTermLife                24.32 USD   
  Expenses:Health:Dental:Insurance                   2.90 USD   
  Expenses:Health:Medical:Insurance                 27.38 USD   
  Expenses:Health:Vision:Insurance                  42.30 USD   
  Expenses:Taxes:Y2014:US:Medicare                 106.62 USD   
  Expenses:Taxes:Y2014:US:Federal                 1062.92 USD   
  Expenses:Taxes:Y2014:US:State                    365.08 USD   
  Expenses:Taxes:Y2014:US:CityNYC                  174.92 USD   
  Expenses:Taxes:Y2014:US:SDI                        1.12 USD   
  Expenses:Taxes:Y2014:US:SocSec                   281.54 USD   
  Assets:US:Hoogle:Vacation                             5 VACHR 
  Income:US:Hoogle:Vacation                            -5 VACHR 

2014-04-10 * "Hoogle" | "Payroll"
  Assets:US:BofA:Checking                         1350.60 USD   
  Assets:US:Vanguard:Cash                         1200.00 USD   
  Assets:US:Federal:PreTax401k                   -1200.00 IRAUSD
  Expenses:Taxes:Y2014:US:Federal:PreTax401k      1200.00 IRAUSD
  Income:US:Hoogle:Salary                        -4615.38 USD   
  Income:US:Hoogle:GroupTermLife                   -24.32 USD   
  Expenses:Health:Life:GroupTermLife                24.32 USD   
  Expenses:Health:Dental:Insurance                   2.90 USD   
  Expenses:Health:Medical:Insurance                 27.38 USD   
  Expenses:Health:Vision:Insurance                  42.30 USD   
  Expenses:Taxes:Y2014:US:Medicare                 106.62 USD   
  Expenses:Taxes:Y2014:US:Federal                 1062.92 USD   
  Expenses:Taxes:Y2014:US:State                    365.08 USD   
  Expenses:Taxes:Y2014:US:CityNYC                  174.92 USD   
  Expenses:Taxes:Y2014:US:SDI                        1.12 USD   
  Expenses:Taxes:Y2014:US:SocSec                   281.54 USD   
  Assets:US:Hoogle:Vacation                             5 VACHR 
  Income:US:Hoogle:Vacation                            -5 VACHR 

2014-04-24 * "Hoogle" | "Payroll"
  Assets:US:BofA:Checking                         1350.60 USD   
  Assets:US:Vanguard:Cash                         1200.00 USD   
  Assets:US:Federal:PreTax401k                   -1200.00 IRAUSD
  Expenses:Taxes:Y2014:US:Federal:PreTax401k      1200.00 IRAUSD
  Income:US:Hoogle:Salary                        -4615.38 USD   
  Income:US:Hoogle:GroupTermLife                   -24.32 USD   
  Expenses:Health:Life:GroupTermLife                24.32 USD   
  Expenses:Health:Dental:Insurance                   2.90 USD   
  Expenses:Health:Medical:Insurance                 27.38 USD   
  Expenses:Health:Vision:Insurance                  42.30 USD   
  Expenses:Taxes:Y2014:US:Medicare                 106.62 USD   
  Expenses:Taxes:Y2014:US:Federal                 1062.92 USD   
  Expenses:Taxes:Y2014:US:State                    365.08 USD   
  Expenses:Taxes:Y2014:US:CityNYC                  174.92 USD   
  Expenses:Taxes:Y2014:US:SDI                        1.12 USD   
  Expenses:Taxes:Y2014:US:SocSec                   281.54 USD   
  Assets:US:Hoogle:Vacation                             5 VACHR 
  Income:US:Hoogle:Vacation                            -5 VACHR 

2014-05-08 * "Hoogle" | "Payroll"
  Assets:US:BofA:Checking                         1350.60 USD   
  Assets:US:Vanguard:Cash                         1200.00 USD   
  Assets:US:Federal:PreTax401k                   -1200.00 IRAUSD
  Expenses:Taxes:Y2014:US:Federal:PreTax401k      1200.00 IRAUSD
  Income:US:Hoogle:Salary                        -4615.38 USD   
  Income:US:Hoogle:GroupTermLife                   -24.32 USD   
  Expenses:Health:Life:GroupTermLife                24.32 USD   
  Expenses:Health:Dental:Insurance                   2.90 USD   
  Expenses:Health:Medical:Insurance                 27.38 USD   
  Expenses:Health:Vision:Insurance                  42.30 USD   
  Expenses:Taxes:Y2014:US:Medicare                 106.62 USD   
  Expenses:Taxes:Y2014:US:Federal                 1062.92 USD   
  Expenses:Taxes:Y2014:US:State                    365.08 USD   
  Expenses:Taxes:Y2014:US:CityNYC                  174.92 USD   
  Expenses:Taxes:Y2014:US:SDI                        1.12 USD   
  Expenses:Taxes:Y2014:US:SocSec                   281.54 USD   
  Assets:US:Hoogle:Vacation                             5 VACHR 
  Income:US:Hoogle:Vacation                            -5 VACHR 

2014-05-22 * "Hoogle" | "Payroll"
  Assets:US:BofA:Checking                         1350.60 USD   
  Assets:US:Vanguard:Cash                         1200.00 USD   
  Assets:US:Federal:PreTax401k                   -1200.00 IRAUSD
  Expenses:Taxes:Y2014:US:Federal:PreTax401k      1200.00 IRAUSD
  Income:US:Hoogle:Salary                        -4615.38 USD   
  Income:US:Hoogle:GroupTermLife                   -24.32 USD   
  Expenses:Health:Life:GroupTermLife                24.32 USD   
  Expenses:Health:Dental:Insurance                   2.90 USD   
  Expenses:Health:Medical:Insurance                 27.38 USD   
  Expenses:Health:Vision:Insurance                  42.30 USD   
  Expenses:Taxes:Y2014:US:Medicare                 106.62 USD   
  Expenses:Taxes:Y2014:US:Federal                 1062.92 USD   
  Expenses:Taxes:Y2014:US:State                    365.08 USD   
  Expenses:Taxes:Y2014:US:CityNYC                  174.92 USD   
  Expenses:Taxes:Y2014:US:SDI                        1.12 USD   
  Expenses:Taxes:Y2014:US:SocSec                   281.54 USD   
  Assets:US:Hoogle:Vacation                             5 VACHR 
  Income:US:Hoogle:Vacation                            -5 VACHR 

2014-06-05 * "Hoogle" | "Payroll"
  Assets:US:BofA:Checking                         1350.60 USD   
  Assets:US:Vanguard:Cash                         1200.00 USD   
  Assets:US:Federal:PreTax401k                   -1200.00 IRAUSD
  Expenses:Taxes:Y2014:US:Federal:PreTax401k      1200.00 IRAUSD
  Income:US:Hoogle:Salary                        -4615.38 USD   
  Income:US:Hoogle:GroupTermLife                   -24.32 USD   
  Expenses:Health:Life:GroupTermLife                24.32 USD   
  Expenses:Health:Dental:Insurance                   2.90 USD   
  Expenses:Health:Medical:Insurance                 27.38 USD   
  Expenses:Health:Vision:Insurance                  42.30 USD   
  Expenses:Taxes:Y2014:US:Medicare                 106.62 USD   
  Expenses:Taxes:Y2014:US:Federal                 1062.92 USD   
  Expenses:Taxes:Y2014:US:State                    365.08 USD   
  Expenses:Taxes:Y2014:US:CityNYC                  174.92 USD   
  Expenses:Taxes:Y2014:US:SDI                        1.12 USD   
  Expenses:Taxes:Y2014:US:SocSec                   281.54 USD   
  Assets:US:Hoogle:Vacation                             5 VACHR 
  Income:US:Hoogle:Vacation                            -5 VACHR 

2014-06-19 * "Hoogle" | "Payroll"
  Assets:US:BofA:Checking                         1350.60 USD   
  Assets:US:Vanguard:Cash                         1200.00 USD   
  Assets:US:Federal:PreTax401k                   -1200.00 IRAUSD
  Expenses:Taxes:Y2014:US:Federal:PreTax401k      1200.00 IRAUSD
  Income:US:Hoogle:Salary                        -4615.38 USD   
  Income:US:Hoogle:GroupTermLife                   -24.32 USD   
  Expenses:Health:Life:GroupTermLife                24.32 USD   
  Expenses:Health:Dental:Insurance                   2.90 USD   
  Expenses:Health:Medical:Insurance                 27.38 USD   
  Expenses:Health:Vision:Insurance                  42.30 USD   
  Expenses:Taxes:Y2014:US:Medicare                 106.62 USD   
  Expenses:Taxes:Y2014:US:Federal                 1062.92 USD   
  Expenses:Taxes:Y2014:US:State                    365.08 USD   
  Expenses:Taxes:Y2014:US:CityNYC                  174.92 USD   
  Expenses:Taxes:Y2014:US:SDI                        1.12 USD   
  Expenses:Taxes:Y2014:US:SocSec                   281.54 USD   
  Assets:US:Hoogle:Vacation                             5 VACHR 
  Income:US:Hoogle:Vacation                            -5 VACHR 

2014-07-03 * "Hoogle" | "Payroll"
  Assets:US:BofA:Checking                         1350.60 USD   
  Assets:US:Vanguard:Cash                         1200.00 USD   
  Assets:US:Federal:PreTax401k                   -1200.00 IRAUSD
  Expenses:Taxes:Y2014:US:Federal:PreTax401k      1200.00 IRAUSD
  Income:US:Hoogle:Salary                        -4615.38 USD   
  Income:US:Hoogle:GroupTermLife                   -24.32 USD   
  Expenses:Health:Life:GroupTermLife                24.32 USD   
  Expenses:Health:Dental:Insurance                   2.90 USD   
  Expenses:Health:Medical:Insurance                 27.38 USD   
  Expenses:Health:Vision:Insurance                  42.30 USD   
  Expenses:Taxes:Y2014:US:Medicare                 106.62 USD   
  Expenses:Taxes:Y2014:US:Federal                 1062.92 USD   
  Expenses:Taxes:Y2014:US:State                    365.08 USD   
  Expenses:Taxes:Y2014:US:CityNYC                  174.92 USD   
  Expenses:Taxes:Y2014:US:SDI                        1.12 USD   
  Expenses:Taxes:Y2014:US:SocSec                   281.54 USD   
  Assets:US:Hoogle:Vacation                             5 VACHR 
  Income:US:Hoogle:Vacation                            -5 VACHR 

2014-07-17 * "Hoogle" | "Payroll"
  Assets:US:BofA:Checking                         1850.60 USD   
  Assets:US:Vanguard:Cash                          700.00 USD   
  Assets:US:Federal:PreTax401k                    -700.00 IRAUSD
  Expenses:Taxes:Y2014:US:Federal:PreTax401k       700.00 IRAUSD
  Income:US:Hoogle:Salary                        -4615.38 USD   
  Income:US:Hoogle:GroupTermLife                   -24.32 USD   
  Expenses:Health:Life:GroupTermLife                24.32 USD   
  Expenses:Health:Dental:Insurance                   2.90 USD   
  Expenses:Health:Medical:Insurance                 27.38 USD   
  Expenses:Health:Vision:Insurance                  42.30 USD   
  Expenses:Taxes:Y2014:US:Medicare                 106.62 USD   
  Expenses:Taxes:Y2014:US:Federal                 1062.92 USD   
  Expenses:Taxes:Y2014:US:State                    365.08 USD   
  Expenses:Taxes:Y2014:US:CityNYC                  174.92 USD   
  Expenses:Taxes:Y2014:US:SDI                        1.12 USD   
  Expenses:Taxes:Y2014:US:SocSec                   281.54 USD   
  Assets:US:Hoogle:Vacation                             5 VACHR 
  Income:US:Hoogle:Vacation                            -5 VACHR 

2014-07-31 * "Hoogle" | "Payroll"
  Assets:US:BofA:Checking                         2550.60 USD   
  Assets:US:Federal:PreTax401k                          0 IRAUSD
  Income:US:Hoogle:Salary                        -4615.38 USD   
  Income:US:Hoogle:GroupTermLife                   -24.32 USD   
  Expenses:Health:Life:GroupTermLife                24.32 USD   
  Expenses:Health:Dental:Insurance                   2.90 USD   
  Expenses:Health:Medical:Insurance                 27.38 USD   
  Expenses:Health:Vision:Insurance                  42.30 USD   
  Expenses:Taxes:Y2014:US:Medicare                 106.62 USD   
  Expenses:Taxes:Y2014:US:Federal                 1062.92 USD   
  Expenses:Taxes:Y2014:US:State                    365.08 USD   
  Expenses:Taxes:Y2014:US:CityNYC                  174.92 USD   
  Expenses:Taxes:Y2014:US:SDI                        1.12 USD   
  Expenses:Taxes:Y2014:US:SocSec                   281.54 USD   
  Assets:US:Hoogle:Vacation                             5 VACHR 
  Income:US:Hoogle:Vacation                            -5 VACHR 

2014-08-14 * "Hoogle" | "Payroll"
  Assets:US:BofA:Checking                         2550.60 USD   
  Assets:US:Federal:PreTax401k                          0 IRAUSD
  Income:US:Hoogle:Salary                        -4615.38 USD   
  Income:US:Hoogle:GroupTermLife                   -24.32 USD   
  Expenses:Health:Life:GroupTermLife                24.32 USD   
  Expenses:Health:Dental:Insurance                   2.90 USD   
  Expenses:Health:Medical:Insurance                 27.38 USD   
  Expenses:Health:Vision:Insurance                  42.30 USD   
  Expenses:Taxes:Y2014:US:Medicare                 106.62 USD   
  Expenses:Taxes:Y2014:US:Federal                 1062.92 USD   
  Expenses:Taxes:Y2014:US:State                    365.08 USD   
  Expenses:Taxes:Y2014:US:CityNYC                  174.92 USD   
  Expenses:Taxes:Y2014:US:SDI                        1.12 USD   
  Expenses:Taxes:Y2014:US:SocSec                   281.54 USD   
  Assets:US:Hoogle:Vacation                             5 VACHR 
  Income:US:Hoogle:Vacation                            -5 VACHR 

2014-08-28 * "Hoogle" | "Payroll"
  Assets:US:BofA:Checking                         2550.60 USD   
  Assets:US:Federal:PreTax401k                          0 IRAUSD
  Income:US:Hoogle:Salary                        -4615.38 USD   
  Income:US:Hoogle:GroupTermLife                   -24.32 USD   
  Expenses:Health:Life:GroupTermLife                24.32 USD   
  Expenses:Health:Dental:Insurance                   2.90 USD   
  Expenses:Health:Medical:Insurance                 27.38 USD   
  Expenses:Health:Vision:Insurance                  42.30 USD   
  Expenses:Taxes:Y2014:US:Medicare                 106.62 USD   
  Expenses:Taxes:Y2014:US:Federal                 1062.92 USD   
  Expenses:Taxes:Y2014:US:State                    365.08 USD   
  Expenses:Taxes:Y2014:US:CityNYC                  174.92 USD   
  Expenses:Taxes:Y2014:US:SDI                        1.12 USD   
  Expenses:Taxes:Y2014:US:SocSec                   281.54 USD   
  Assets:US:Hoogle:Vacation                             5 VACHR 
  Income:US:Hoogle:Vacation                            -5 VACHR 

2014-09-11 * "Hoogle" | "Payroll"
  Assets:US:BofA:Checking                         2550.60 USD   
  Assets:US:Federal:PreTax401k                          0 IRAUSD
  Income:US:Hoogle:Salary                        -4615.38 USD   
  Income:US:Hoogle:GroupTermLife                   -24.32 USD   
  Expenses:Health:Life:GroupTermLife                24.32 USD   
  Expenses:Health:Dental:Insurance                   2.90 USD   
  Expenses:Health:Medical:Insurance                 27.38 USD   
  Expenses:Health:Vision:Insurance                  42.30 USD   
  Expenses:Taxes:Y2014:US:Medicare                 106.62 USD   
  Expenses:Taxes:Y2014:US:Federal                 1062.92 USD   
  Expenses:Taxes:Y2014:US:State                    365.08 USD   
  Expenses:Taxes:Y2014:US:CityNYC                  174.92 USD   
  Expenses:Taxes:Y2014:US:SDI                        1.12 USD   
  Expenses:Taxes:Y2014:US:SocSec                   281.54 USD   
  Assets:US:Hoogle:Vacation                             5 VACHR 
  Income:US:Hoogle:Vacation                            -5 VACHR 

2014-09-25 * "Hoogle" | "Payroll"
  Assets:US:BofA:Checking                         2550.60 USD   
  Assets:US:Federal:PreTax401k                          0 IRAUSD
  Income:US:Hoogle:Salary                        -4615.38 USD   
  Income:US:Hoogle:GroupTermLife                   -24.32 USD   
  Expenses:Health:Life:GroupTermLife                24.32 USD   
  Expenses:Health:Dental:Insurance                   2.90 USD   
  Expenses:Health:Medical:Insurance                 27.38 USD   
  Expenses:Health:Vision:Insurance                  42.30 USD   
  Expenses:Taxes:Y2014:US:Medicare                 106.62 USD   
  Expenses:Taxes:Y2014:US:Federal                 1062.92 USD   
  Expenses:Taxes:Y2014:US:State                    365.08 USD   
  Expenses:Taxes:Y2014:US:CityNYC                  174.92 USD   
  Expenses:Taxes:Y2014:US:SDI                        1.12 USD   
  Expenses:Taxes:Y2014:US:SocSec                   281.54 USD   
  Assets:US:Hoogle:Vacation                             5 VACHR 
  Income:US:Hoogle:Vacation                            -5 VACHR 

2014-10-09 * "Hoogle" | "Payroll"
  Assets:US:BofA:Checking                         2550.60 USD   
  Assets:US:Federal:PreTax401k                          0 IRAUSD
  Income:US:Hoogle:Salary                        -4615.38 USD   
  Income:US:Hoogle:GroupTermLife                   -24.32 USD   
  Expenses:Health:Life:GroupTermLife                24.32 USD   
  Expenses:Health:Dental:Insurance                   2.90 USD   
  Expenses:Health:Medical:Insurance                 27.38 USD   
  Expenses:Health:Vision:Insurance                  42.30 USD   
  Expenses:Taxes:Y2014:US:Medicare                 106.62 USD   
  Expenses:Taxes:Y2014:US:Federal                 1062.92 USD   
  Expenses:Taxes:Y2014:US:State                    365.08 USD   
  Expenses:Taxes:Y2014:US:CityNYC                  174.92 USD   
  Expenses:Taxes:Y2014:US:SDI                        1.12 USD   
  Expenses:Taxes:Y2014:US:SocSec                   281.54 USD   
  Assets:US:Hoogle:Vacation                             5 VACHR 
  Income:US:Hoogle:Vacation                            -5 VACHR 

2014-10-23 * "Hoogle" | "Payroll"
  Assets:US:BofA:Checking                         2550.60 USD   
  Assets:US:Federal:PreTax401k                          0 IRAUSD
  Income:US:Hoogle:Salary                        -4615.38 USD   
  Income:US:Hoogle:GroupTermLife                   -24.32 USD   
  Expenses:Health:Life:GroupTermLife                24.32 USD   
  Expenses:Health:Dental:Insurance                   2.90 USD   
  Expenses:Health:Medical:Insurance                 27.38 USD   
  Expenses:Health:Vision:Insurance                  42.30 USD   
  Expenses:Taxes:Y2014:US:Medicare                 106.62 USD   
  Expenses:Taxes:Y2014:US:Federal                 1062.92 USD   
  Expenses:Taxes:Y2014:US:State                    365.08 USD   
  Expenses:Taxes:Y2014:US:CityNYC                  174.92 USD   
  Expenses:Taxes:Y2014:US:SDI                        1.12 USD   
  Expenses:Taxes:Y2014:US:SocSec                   281.54 USD   
  Assets:US:Hoogle:Vacation                             5 VACHR 
  Income:US:Hoogle:Vacation                            -5 VACHR 

2014-11-06 * "Hoogle" | "Payroll"
  Assets:US:BofA:Checking                         2550.60 USD   
  Assets:US:Federal:PreTax401k                          0 IRAUSD
  Income:US:Hoogle:Salary                        -4615.38 USD   
  Income:US:Hoogle:GroupTermLife                   -24.32 USD   
  Expenses:Health:Life:GroupTermLife                24.32 USD   
  Expenses:Health:Dental:Insurance                   2.90 USD   
  Expenses:Health:Medical:Insurance                 27.38 USD   
  Expenses:Health:Vision:Insurance                  42.30 USD   
  Expenses:Taxes:Y2014:US:Medicare                 106.62 USD   
  Expenses:Taxes:Y2014:US:Federal                 1062.92 USD   
  Expenses:Taxes:Y2014:US:State                    365.08 USD   
  Expenses:Taxes:Y2014:US:CityNYC                  174.92 USD   
  Expenses:Taxes:Y2014:US:SDI                        1.12 USD   
  Expenses:Taxes:Y2014:US:SocSec                   281.54 USD   
  Assets:US:Hoogle:Vacation                             5 VACHR 
  Income:US:Hoogle:Vacation                            -5 VACHR 

2014-11-20 * "Hoogle" | "Payroll"
  Assets:US:BofA:Checking                         2550.60 USD   
  Assets:US:Federal:PreTax401k                          0 IRAUSD
  Income:US:Hoogle:Salary                        -4615.38 USD   
  Income:US:Hoogle:GroupTermLife                   -24.32 USD   
  Expenses:Health:Life:GroupTermLife                24.32 USD   
  Expenses:Health:Dental:Insurance                   2.90 USD   
  Expenses:Health:Medical:Insurance                 27.38 USD   
  Expenses:Health:Vision:Insurance                  42.30 USD   
  Expenses:Taxes:Y2014:US:Medicare                 106.62 USD   
  Expenses:Taxes:Y2014:US:Federal                 1062.92 USD   
  Expenses:Taxes:Y2014:US:State                    365.08 USD   
  Expenses:Taxes:Y2014:US:CityNYC                  174.92 USD   
  Expenses:Taxes:Y2014:US:SDI                        1.12 USD   
  Expenses:Taxes:Y2014:US:SocSec                   281.54 USD   
  Assets:US:Hoogle:Vacation                             5 VACHR 
  Income:US:Hoogle:Vacation                            -5 VACHR 
* Taxes

1980-05-12 open Income:US:Federal:PreTax401k                    IRAUSD
1980-05-12 open Assets:US:Federal:PreTax401k                    IRAUSD
** Tax Year 2012

2012-01-01 open Expenses:Taxes:Y2012:US:Federal:PreTax401k      IRAUSD
2012-01-01 open Expenses:Taxes:Y2012:US:Medicare                USD
2012-01-01 open Expenses:Taxes:Y2012:US:Federal                 USD
2012-01-01 open Expenses:Taxes:Y2012:US:CityNYC                 USD
2012-01-01 open Expenses:Taxes:Y2012:US:SDI                     USD
2012-01-01 open Expenses:Taxes:Y2012:US:State                   USD
2012-01-01 open Expenses:Taxes:Y2012:US:SocSec                  USD

2012-01-01 balance Assets:US:Federal:PreTax401k         0 IRAUSD

2012-01-01 * "Allowed contributions for one year"
  Income:US:Federal:PreTax401k                     -17000 IRAUSD
  Assets:US:Federal:PreTax401k                      17000 IRAUSD

2013-03-23 * "Filing taxes for 2012"
  Expenses:Taxes:Y2012:US:Federal                  589.53 USD
  Expenses:Taxes:Y2012:US:State                    457.28 USD
  Liabilities:AccountsPayable                    -1046.81 USD

2013-03-25 * "STATE TAX & FINANC PYMT"
  Assets:US:BofA:Checking                          457.28 USD
  Liabilities:AccountsPayable                     -457.28 USD

2013-03-26 * "FEDERAL TAXPYMT"
  Assets:US:BofA:Checking                          589.53 USD
  Liabilities:AccountsPayable                     -589.53 USD
** Tax Year 2013

2013-01-01 open Expenses:Taxes:Y2013:US:Federal:PreTax401k      IRAUSD
2013-01-01 open Expenses:Taxes:Y2013:US:Medicare                USD
2013-01-01 open Expenses:Taxes:Y2013:US:Federal                 USD
2013-01-01 open Expenses:Taxes:Y2013:US:CityNYC                 USD
2013-01-01 open Expenses:Taxes:Y2013:US:SDI                     USD
2013-01-01 open Expenses:Taxes:Y2013:US:State                   USD
2013-01-01 open Expenses:Taxes:Y2013:US:SocSec                  USD

2013-01-01 balance Assets:US:Federal:PreTax401k         0 IRAUSD

2013-01-01 * "Allowed contributions for one year"
  Income:US:Federal:PreTax401k                     -17500 IRAUSD
  Assets:US:Federal:PreTax401k                      17500 IRAUSD

2014-03-24 * "Filing taxes for 2013"
  Expenses:Taxes:Y2013:US:Federal                  445.25 USD
  Expenses:Taxes:Y2013:US:State                    340.34 USD
  Liabilities:AccountsPayable                     -785.59 USD

2014-03-27 * "FEDERAL TAXPYMT"
  Assets:US:BofA:Checking                          445.25 USD
  Liabilities:AccountsPayable                     -445.25 USD

2014-03-27 * "STATE TAX & FINANC PYMT"
  Assets:US:BofA:Checking                          340.34 USD
  Liabilities:AccountsPayable                     -340.34 USD
** Tax Year 2014

2014-01-01 open Expenses:Taxes:Y2014:US:Federal:PreTax401k      IRAUSD
2014-01-01 open Expenses:Taxes:Y2014:US:Medicare                USD
2014-01-01 open Expenses:Taxes:Y2014:US:Federal                 USD
2014-01-01 open Expenses:Taxes:Y2014:US:CityNYC                 USD
2014-01-01 open Expenses:Taxes:Y2014:US:SDI                     USD
2014-01-01 open Expenses:Taxes:Y2014:US:State                   USD
2014-01-01 open Expenses:Taxes:Y2014:US:SocSec                  USD

2014-01-01 balance Assets:US:Federal:PreTax401k         0 IRAUSD

2014-01-01 * "Allowed contributions for one year"
  Income:US:Federal:PreTax401k                     -17500 IRAUSD
  Assets:US:Federal:PreTax401k                      17500 IRAUSD
* Expenses

1980-05-12 open Expenses:Food:Groceries                         
1980-05-12 open Expenses:Food:Restaurant                        
1980-05-12 open Expenses:Food:Coffee                            
1980-05-12 open Expenses:Food:Alcohol                           
1980-05-12 open Expenses:Transport:Tram                         
1980-05-12 open Expenses:Home:Rent                              
1980-05-12 open Expenses:Home:Electricity                       
1980-05-12 open Expenses:Home:Internet                          
1980-05-12 open Expenses:Financial:Fees                         
1980-05-12 open Expenses:Financial:Commissions                  
* Prices

2012-01-06 price VBMPX                              81.48 USD
2012-01-06 price RGAGX                             107.90 USD
2012-01-06 price ITOT                              127.36 USD
2012-01-06 price VEA                               196.13 USD
2012-01-06 price VHT                               121.69 USD
2012-01-06 price GLD                                81.61 USD
2012-01-13 price VBMPX                              81.99 USD
2012-01-13 price RGAGX                             110.45 USD
2012-01-13 price ITOT                              128.17 USD
2012-01-13 price VEA                               196.87 USD
2012-01-13 price VHT                               118.94 USD
2012-01-13 price GLD                                81.88 USD
2012-01-20 price VBMPX                              81.54 USD
2012-01-20 price RGAGX                             106.10 USD
2012-01-20 price ITOT                              129.21 USD
2012-01-20 price VEA                               197.27 USD
2012-01-20 price VHT                               118.92 USD
2012-01-20 price GLD                                81.82 USD
2012-01-27 price VBMPX                              81.27 USD
2012-01-27 price RGAGX                             106.56 USD
2012-01-27 price ITOT                              128.90 USD
2012-01-27 price VEA                               199.18 USD
2012-01-27 price VHT                               119.72 USD
2012-01-27 price GLD                                81.69 USD
2012-02-03 price VBMPX                              81.26 USD
2012-02-03 price RGAGX                             107.72 USD
2012-02-03 price ITOT                              130.13 USD
2012-02-03 price VEA                               200.24 USD
2012-02-03 price VHT                               118.48 USD
2012-02-03 price GLD                                81.69 USD
2012-02-10 price VBMPX                              80.20 USD
2012-02-10 price RGAGX                             110.42 USD
2012-02-10 price ITOT                              130.82 USD
2012-02-10 price VEA                               195.80 USD
2012-02-10 price VHT                               116.07 USD
2012-02-10 price GLD                                81.94 USD
2012-02-17 price VBMPX                              80.27 USD
2012-02-17 price RGAGX                             108.93 USD
2012-02-17 price ITOT                              129.64 USD
2012-02-17 price VEA                               195.94 USD
2012-02-17 price VHT                               115.20 USD
2012-02-17 price GLD                                82.55 USD
2012-02-24 price VBMPX                              81.28 USD
2012-02-24 price RGAGX                             110.42 USD
2012-02-24 price ITOT                              126.50 USD
2012-02-24 price VEA                               196.91 USD
2012-02-24 price VHT                               114.66 USD
2012-02-24 price GLD                                82.28 USD
2012-03-02 price VBMPX                              83.18 USD
2012-03-02 price RGAGX                             112.08 USD
2012-03-02 price ITOT                              127.63 USD
2012-03-02 price VEA                               198.32 USD
2012-03-02 price VHT                               114.08 USD
2012-03-02 price GLD                                82.16 USD
2012-03-09 price VBMPX                              83.57 USD
2012-03-09 price RGAGX                             113.22 USD
2012-03-09 price ITOT                              127.43 USD
2012-03-09 price VEA                               200.38 USD
2012-03-09 price VHT                               114.32 USD
2012-03-09 price GLD                                81.67 USD
2012-03-16 price VBMPX                              83.23 USD
2012-03-16 price RGAGX                             115.04 USD
2012-03-16 price ITOT                              127.33 USD
2012-03-16 price VEA                               199.95 USD
2012-03-16 price VHT                               113.66 USD
2012-03-16 price GLD                                81.56 USD
2012-03-23 price VBMPX                              84.49 USD
2012-03-23 price RGAGX                             115.31 USD
2012-03-23 price ITOT                              129.15 USD
2012-03-23 price VEA                               202.33 USD
2012-03-23 price VHT                               115.73 USD
2012-03-23 price GLD                                82.05 USD
2012-03-30 price VBMPX                              82.71 USD
2012-03-30 price RGAGX                             110.29 USD
2012-03-30 price ITOT                              129.41 USD
2012-03-30 price VEA                               203.65 USD
2012-03-30 price VHT                               115.09 USD
2012-03-30 price GLD                                82.26 USD
2012-04-06 price VBMPX                              82.34 USD
2012-04-06 price RGAGX                             110.07 USD
2012-04-06 price ITOT                              128.17 USD
2012-04-06 price VEA                               204.25 USD
2012-04-06 price VHT                               112.62 USD
2012-04-06 price GLD                                82.19 USD
2012-04-13 price VBMPX                              80.36 USD
2012-04-13 price RGAGX                             108.58 USD
2012-04-13 price ITOT                              128.23 USD
2012-04-13 price VEA                               205.01 USD
2012-04-13 price VHT                               110.99 USD
2012-04-13 price GLD                                82.26 USD
2012-04-20 price VBMPX                              80.10 USD
2012-04-20 price RGAGX                             110.34 USD
2012-04-20 price ITOT                              130.48 USD
2012-04-20 price VEA                               209.59 USD
2012-04-20 price VHT                               108.22 USD
2012-04-20 price GLD                                81.89 USD
2012-04-27 price VBMPX                              80.93 USD
2012-04-27 price RGAGX                             109.06 USD
2012-04-27 price ITOT                              132.06 USD
2012-04-27 price VEA                               213.17 USD
2012-04-27 price VHT                               110.28 USD
2012-04-27 price GLD                                81.78 USD
2012-05-04 price VBMPX                              78.54 USD
2012-05-04 price RGAGX                             104.44 USD
2012-05-04 price ITOT                              133.49 USD
2012-05-04 price VEA                               216.60 USD
2012-05-04 price VHT                               110.73 USD
2012-05-04 price GLD                                81.57 USD
2012-05-11 price VBMPX                              78.86 USD
2012-05-11 price RGAGX                             106.12 USD
2012-05-11 price ITOT                              135.36 USD
2012-05-11 price VEA                               217.22 USD
2012-05-11 price VHT                               115.26 USD
2012-05-11 price GLD                                81.45 USD
2012-05-18 price VBMPX                              76.32 USD
2012-05-18 price RGAGX                             106.33 USD
2012-05-18 price ITOT                              137.93 USD
2012-05-18 price VEA                               221.36 USD
2012-05-18 price VHT                               113.06 USD
2012-05-18 price GLD                                82.24 USD
2012-05-25 price VBMPX                              76.83 USD
2012-05-25 price RGAGX                             109.32 USD
2012-05-25 price ITOT                              136.67 USD
2012-05-25 price VEA                               221.47 USD
2012-05-25 price VHT                               112.42 USD
2012-05-25 price GLD                                82.27 USD
2012-06-01 price VBMPX                              76.75 USD
2012-06-01 price RGAGX                             109.17 USD
2012-06-01 price ITOT                              137.69 USD
2012-06-01 price VEA                               223.11 USD
2012-06-01 price VHT                               109.69 USD
2012-06-01 price GLD                                82.48 USD
2012-06-08 price VBMPX                              75.83 USD
2012-06-08 price RGAGX                             107.96 USD
2012-06-08 price ITOT                              137.72 USD
2012-06-08 price VEA                               222.37 USD
2012-06-08 price VHT                               111.47 USD
2012-06-08 price GLD                                82.28 USD
2012-06-15 price VBMPX                              78.48 USD
2012-06-15 price RGAGX                             105.51 USD
2012-06-15 price ITOT                              139.28 USD
2012-06-15 price VEA                               220.57 USD
2012-06-15 price VHT                               113.83 USD
2012-06-15 price GLD                                82.91 USD
2012-06-22 price VBMPX                              80.05 USD
2012-06-22 price RGAGX                             107.21 USD
2012-06-22 price ITOT                              139.07 USD
2012-06-22 price VEA                               222.63 USD
2012-06-22 price VHT                               118.15 USD
2012-06-22 price GLD                                83.45 USD
2012-06-29 price VBMPX                              81.83 USD
2012-06-29 price RGAGX                             106.34 USD
2012-06-29 price ITOT                              139.53 USD
2012-06-29 price VEA                               221.48 USD
2012-06-29 price VHT                               117.17 USD
2012-06-29 price GLD                                83.91 USD
2012-07-06 price VBMPX                              82.17 USD
2012-07-06 price RGAGX                             107.20 USD
2012-07-06 price ITOT                              142.05 USD
2012-07-06 price VEA                               224.90 USD
2012-07-06 price VHT                               115.44 USD
2012-07-06 price GLD                                83.83 USD
2012-07-13 price VBMPX                              80.52 USD
2012-07-13 price RGAGX                             107.54 USD
2012-07-13 price ITOT                              141.96 USD
2012-07-13 price VEA                               227.06 USD
2012-07-13 price VHT                               115.85 USD
2012-07-13 price GLD                                84.28 USD
2012-07-20 price VBMPX                              80.50 USD
2012-07-20 price RGAGX                             108.52 USD
2012-07-20 price ITOT                              141.14 USD
2012-07-20 price VEA                               229.44 USD
2012-07-20 price VHT                               114.24 USD
2012-07-20 price GLD                                84.36 USD
2012-07-27 price VBMPX                              78.52 USD
2012-07-27 price RGAGX                             107.96 USD
2012-07-27 price ITOT                              142.74 USD
2012-07-27 price VEA                               227.63 USD
2012-07-27 price VHT                               116.50 USD
2012-07-27 price GLD                                84.52 USD
2012-08-03 price VBMPX                              79.47 USD
2012-08-03 price RGAGX                             105.25 USD
2012-08-03 price ITOT                              144.53 USD
2012-08-03 price VEA                               225.44 USD
2012-08-03 price VHT                               114.24 USD
2012-08-03 price GLD                                84.27 USD
2012-08-10 price VBMPX                              81.14 USD
2012-08-10 price RGAGX                             105.23 USD
2012-08-10 price ITOT                              144.22 USD
2012-08-10 price VEA                               226.66 USD
2012-08-10 price VHT                               115.08 USD
2012-08-10 price GLD                                84.19 USD
2012-08-17 price VBMPX                              82.26 USD
2012-08-17 price RGAGX                             103.34 USD
2012-08-17 price ITOT                              142.43 USD
2012-08-17 price VEA                               223.94 USD
2012-08-17 price VHT                               113.41 USD
2012-08-17 price GLD                                84.18 USD
2012-08-24 price VBMPX                              82.13 USD
2012-08-24 price RGAGX                             104.68 USD
2012-08-24 price ITOT                              144.65 USD
2012-08-24 price VEA                               220.95 USD
2012-08-24 price VHT                               113.52 USD
2012-08-24 price GLD                                84.44 USD
2012-08-31 price VBMPX                              83.19 USD
2012-08-31 price RGAGX                             103.41 USD
2012-08-31 price ITOT                              143.48 USD
2012-08-31 price VEA                               223.62 USD
2012-08-31 price VHT                               115.68 USD
2012-08-31 price GLD                                84.98 USD
2012-09-07 price VBMPX                              81.97 USD
2012-09-07 price RGAGX                             101.52 USD
2012-09-07 price ITOT                              142.14 USD
2012-09-07 price VEA                               222.36 USD
2012-09-07 price VHT                               119.12 USD
2012-09-07 price GLD                                84.80 USD
2012-09-14 price VBMPX                              85.95 USD
2012-09-14 price RGAGX                              99.03 USD
2012-09-14 price ITOT                              142.01 USD
2012-09-14 price VEA                               227.04 USD
2012-09-14 price VHT                               117.10 USD
2012-09-14 price GLD                                85.79 USD
2012-09-21 price VBMPX                              86.33 USD
2012-09-21 price RGAGX                              98.89 USD
2012-09-21 price ITOT                              142.97 USD
2012-09-21 price VEA                               225.35 USD
2012-09-21 price VHT                               116.45 USD
2012-09-21 price GLD                                86.38 USD
2012-09-28 price VBMPX                              85.48 USD
2012-09-28 price RGAGX                              97.79 USD
2012-09-28 price ITOT                              140.79 USD
2012-09-28 price VEA                               228.87 USD
2012-09-28 price VHT                               116.44 USD
2012-09-28 price GLD                                85.91 USD
2012-10-05 price VBMPX                              86.01 USD
2012-10-05 price RGAGX                              97.50 USD
2012-10-05 price ITOT                              139.78 USD
2012-10-05 price VEA                               227.86 USD
2012-10-05 price VHT                               117.05 USD
2012-10-05 price GLD                                86.24 USD
2012-10-12 price VBMPX                              85.12 USD
2012-10-12 price RGAGX                              97.38 USD
2012-10-12 price ITOT                              138.36 USD
2012-10-12 price VEA                               228.33 USD
2012-10-12 price VHT                               120.90 USD
2012-10-12 price GLD                                86.23 USD
2012-10-19 price VBMPX                              84.63 USD
2012-10-19 price RGAGX                             100.30 USD
2012-10-19 price ITOT                              139.32 USD
2012-10-19 price VEA                               230.89 USD
2012-10-19 price VHT                               122.59 USD
2012-10-19 price GLD                                86.21 USD
2012-10-26 price VBMPX                              84.61 USD
2012-10-26 price RGAGX                             100.49 USD
2012-10-26 price ITOT                              140.01 USD
2012-10-26 price VEA                               227.48 USD
2012-10-26 price VHT                               121.93 USD
2012-10-26 price GLD                                86.31 USD
2012-11-02 price VBMPX                              83.43 USD
2012-11-02 price RGAGX                             101.98 USD
2012-11-02 price ITOT                              140.17 USD
2012-11-02 price VEA                               227.31 USD
2012-11-02 price VHT                               121.99 USD
2012-11-02 price GLD                                86.50 USD
2012-11-09 price VBMPX                              82.01 USD
2012-11-09 price RGAGX                             103.76 USD
2012-11-09 price ITOT                              139.19 USD
2012-11-09 price VEA                               228.71 USD
2012-11-09 price VHT                               121.76 USD
2012-11-09 price GLD                                86.21 USD
2012-11-16 price VBMPX                              83.46 USD
2012-11-16 price RGAGX                             103.41 USD
2012-11-16 price ITOT                              141.13 USD
2012-11-16 price VEA                               227.14 USD
2012-11-16 price VHT                               121.77 USD
2012-11-16 price GLD                                86.25 USD
2012-11-23 price VBMPX                              82.84 USD
2012-11-23 price RGAGX                             104.31 USD
2012-11-23 price ITOT                              141.76 USD
2012-11-23 price VEA                               228.12 USD
2012-11-23 price VHT                               119.04 USD
2012-11-23 price GLD                                86.21 USD
2012-11-30 price VBMPX                              82.80 USD
2012-11-30 price RGAGX                             105.74 USD
2012-11-30 price ITOT                              142.46 USD
2012-11-30 price VEA                               229.44 USD
2012-11-30 price VHT                               116.61 USD
2012-11-30 price GLD                                86.16 USD
2012-12-07 price VBMPX                              83.89 USD
2012-12-07 price RGAGX                             105.70 USD
2012-12-07 price ITOT                              141.94 USD
2012-12-07 price VEA                               230.76 USD
2012-12-07 price VHT                               113.59 USD
2012-12-07 price GLD                                86.18 USD
2012-12-14 price VBMPX                              82.55 USD
2012-12-14 price RGAGX                             104.95 USD
2012-12-14 price ITOT                              141.86 USD
2012-12-14 price VEA                               230.25 USD
2012-12-14 price VHT                               113.98 USD
2012-12-14 price GLD                                86.53 USD
2012-12-21 price VBMPX                              83.52 USD
2012-12-21 price RGAGX                             101.33 USD
2012-12-21 price ITOT                              143.48 USD
2012-12-21 price VEA                               231.21 USD
2012-12-21 price VHT                               112.94 USD
2012-12-21 price GLD                                85.85 USD
2012-12-28 price VBMPX                              85.96 USD
2012-12-28 price RGAGX                             100.21 USD
2012-12-28 price ITOT                              143.63 USD
2012-12-28 price VEA                               232.45 USD
2012-12-28 price VHT                               116.89 USD
2012-12-28 price GLD                                86.71 USD
2013-01-04 price VBMPX                              82.08 USD
2013-01-04 price RGAGX                              97.92 USD
2013-01-04 price ITOT                              141.77 USD
2013-01-04 price VEA                               234.36 USD
2013-01-04 price VHT                               118.39 USD
2013-01-04 price GLD                                86.54 USD
2013-01-11 price VBMPX                              83.82 USD
2013-01-11 price RGAGX                              98.11 USD
2013-01-11 price ITOT                              142.24 USD
2013-01-11 price VEA                               236.36 USD
2013-01-11 price VHT                               119.24 USD
2013-01-11 price GLD                                86.33 USD
2013-01-18 price VBMPX                              83.72 USD
2013-01-18 price RGAGX                              96.28 USD
2013-01-18 price ITOT                              140.82 USD
2013-01-18 price VEA                               238.13 USD
2013-01-18 price VHT                               120.48 USD
2013-01-18 price GLD                                86.31 USD
2013-01-25 price VBMPX                              83.60 USD
2013-01-25 price RGAGX                              98.08 USD
2013-01-25 price ITOT                              141.32 USD
2013-01-25 price VEA                               235.50 USD
2013-01-25 price VHT                               119.57 USD
2013-01-25 price GLD                                86.38 USD
2013-02-01 price VBMPX                              81.44 USD
2013-02-01 price RGAGX                              97.16 USD
2013-02-01 price ITOT                              139.54 USD
2013-02-01 price VEA                               237.06 USD
2013-02-01 price VHT                               117.62 USD
2013-02-01 price GLD                                86.46 USD
2013-02-08 price VBMPX                              80.92 USD
2013-02-08 price RGAGX                              96.81 USD
2013-02-08 price ITOT                              139.98 USD
2013-02-08 price VEA                               240.50 USD
2013-02-08 price VHT                               115.27 USD
2013-02-08 price GLD                                86.49 USD
2013-02-15 price VBMPX                              82.06 USD
2013-02-15 price RGAGX                              97.83 USD
2013-02-15 price ITOT                              142.72 USD
2013-02-15 price VEA                               241.60 USD
2013-02-15 price VHT                               115.02 USD
2013-02-15 price GLD                                86.17 USD
2013-02-22 price VBMPX                              83.96 USD
2013-02-22 price RGAGX                              99.01 USD
2013-02-22 price ITOT                              142.88 USD
2013-02-22 price VEA                               242.59 USD
2013-02-22 price VHT                               112.12 USD
2013-02-22 price GLD                                87.19 USD
2013-03-01 price VBMPX                              82.62 USD
2013-03-01 price RGAGX                              97.49 USD
2013-03-01 price ITOT                              141.67 USD
2013-03-01 price VEA                               241.90 USD
2013-03-01 price VHT                               114.88 USD
2013-03-01 price GLD                                87.07 USD
2013-03-08 price VBMPX                              81.97 USD
2013-03-08 price RGAGX                              96.43 USD
2013-03-08 price ITOT                              139.75 USD
2013-03-08 price VEA                               244.69 USD
2013-03-08 price VHT                               111.99 USD
2013-03-08 price GLD                                86.87 USD
2013-03-15 price VBMPX                              84.38 USD
2013-03-15 price RGAGX                              95.83 USD
2013-03-15 price ITOT                              141.47 USD
2013-03-15 price VEA                               243.82 USD
2013-03-15 price VHT                               115.24 USD
2013-03-15 price GLD                                87.33 USD
2013-03-22 price VBMPX                              84.87 USD
2013-03-22 price RGAGX                              96.01 USD
2013-03-22 price ITOT                              144.96 USD
2013-03-22 price VEA                               245.98 USD
2013-03-22 price VHT                               117.94 USD
2013-03-22 price GLD                                87.85 USD
2013-03-29 price VBMPX                              85.48 USD
2013-03-29 price RGAGX                              96.63 USD
2013-03-29 price ITOT                              146.39 USD
2013-03-29 price VEA                               247.18 USD
2013-03-29 price VHT                               119.76 USD
2013-03-29 price GLD                                88.15 USD
2013-04-05 price VBMPX                              84.18 USD
2013-04-05 price RGAGX                              97.51 USD
2013-04-05 price ITOT                              147.44 USD
2013-04-05 price VEA                               243.17 USD
2013-04-05 price VHT                               117.14 USD
2013-04-05 price GLD                                88.22 USD
2013-04-12 price VBMPX                              83.95 USD
2013-04-12 price RGAGX                              97.46 USD
2013-04-12 price ITOT                              146.54 USD
2013-04-12 price VEA                               245.28 USD
2013-04-12 price VHT                               118.52 USD
2013-04-12 price GLD                                88.39 USD
2013-04-19 price VBMPX                              85.58 USD
2013-04-19 price RGAGX                              95.32 USD
2013-04-19 price ITOT                              148.33 USD
2013-04-19 price VEA                               244.78 USD
2013-04-19 price VHT                               121.44 USD
2013-04-19 price GLD                                88.26 USD
2013-04-26 price VBMPX                              86.38 USD
2013-04-26 price RGAGX                              96.02 USD
2013-04-26 price ITOT                              146.41 USD
2013-04-26 price VEA                               250.26 USD
2013-04-26 price VHT                               125.36 USD
2013-04-26 price GLD                                88.46 USD
2013-05-03 price VBMPX                              87.57 USD
2013-05-03 price RGAGX                              98.19 USD
2013-05-03 price ITOT                              146.60 USD
2013-05-03 price VEA                               247.04 USD
2013-05-03 price VHT                               126.12 USD
2013-05-03 price GLD                                88.78 USD
2013-05-10 price VBMPX                              89.00 USD
2013-05-10 price RGAGX                              97.49 USD
2013-05-10 price ITOT                              147.82 USD
2013-05-10 price VEA                               247.96 USD
2013-05-10 price VHT                               130.23 USD
2013-05-10 price GLD                                88.50 USD
2013-05-17 price VBMPX                              90.26 USD
2013-05-17 price RGAGX                              97.78 USD
2013-05-17 price ITOT                              146.52 USD
2013-05-17 price VEA                               253.16 USD
2013-05-17 price VHT                               127.32 USD
2013-05-17 price GLD                                88.82 USD
2013-05-24 price VBMPX                              90.46 USD
2013-05-24 price RGAGX                              99.00 USD
2013-05-24 price ITOT                              148.47 USD
2013-05-24 price VEA                               256.52 USD
2013-05-24 price VHT                               127.25 USD
2013-05-24 price GLD                                88.76 USD
2013-05-31 price VBMPX                              90.53 USD
2013-05-31 price RGAGX                             100.63 USD
2013-05-31 price ITOT                              151.79 USD
2013-05-31 price VEA                               254.84 USD
2013-05-31 price VHT                               126.61 USD
2013-05-31 price GLD                                88.62 USD
2013-06-07 price VBMPX                              91.51 USD
2013-06-07 price RGAGX                             100.10 USD
2013-06-07 price ITOT                              153.64 USD
2013-06-07 price VEA                               255.33 USD
2013-06-07 price VHT                               127.11 USD
2013-06-07 price GLD                                89.98 USD
2013-06-14 price VBMPX                              87.80 USD
2013-06-14 price RGAGX                             100.21 USD
2013-06-14 price ITOT                              154.85 USD
2013-06-14 price VEA                               255.74 USD
2013-06-14 price VHT                               128.91 USD
2013-06-14 price GLD                                90.09 USD
2013-06-21 price VBMPX                              86.67 USD
2013-06-21 price RGAGX                             100.74 USD
2013-06-21 price ITOT                              153.24 USD
2013-06-21 price VEA                               255.90 USD
2013-06-21 price VHT                               132.29 USD
2013-06-21 price GLD                                90.22 USD
2013-06-28 price VBMPX                              85.80 USD
2013-06-28 price RGAGX                             103.85 USD
2013-06-28 price ITOT                              152.98 USD
2013-06-28 price VEA                               254.48 USD
2013-06-28 price VHT                               132.61 USD
2013-06-28 price GLD                                90.46 USD
2013-07-05 price VBMPX                              84.63 USD
2013-07-05 price RGAGX                             102.38 USD
2013-07-05 price ITOT                              155.43 USD
2013-07-05 price VEA                               260.58 USD
2013-07-05 price VHT                               134.81 USD
2013-07-05 price GLD                                90.58 USD
2013-07-12 price VBMPX                              87.01 USD
2013-07-12 price RGAGX                             103.34 USD
2013-07-12 price ITOT                              155.70 USD
2013-07-12 price VEA                               264.25 USD
2013-07-12 price VHT                               134.44 USD
2013-07-12 price GLD                                90.77 USD
2013-07-19 price VBMPX                              86.28 USD
2013-07-19 price RGAGX                             101.97 USD
2013-07-19 price ITOT                              155.04 USD
2013-07-19 price VEA                               266.36 USD
2013-07-19 price VHT                               138.75 USD
2013-07-19 price GLD                                91.11 USD
2013-07-26 price VBMPX                              85.85 USD
2013-07-26 price RGAGX                             101.27 USD
2013-07-26 price ITOT                              153.15 USD
2013-07-26 price VEA                               264.43 USD
2013-07-26 price VHT                               137.35 USD
2013-07-26 price GLD                                91.22 USD
2013-08-02 price VBMPX                              85.52 USD
2013-08-02 price RGAGX                             100.68 USD
2013-08-02 price ITOT                              152.03 USD
2013-08-02 price VEA                               265.68 USD
2013-08-02 price VHT                               136.03 USD
2013-08-02 price GLD                                92.89 USD
2013-08-09 price VBMPX                              84.74 USD
2013-08-09 price RGAGX                             100.13 USD
2013-08-09 price ITOT                              154.32 USD
2013-08-09 price VEA                               265.26 USD
2013-08-09 price VHT                               135.54 USD
2013-08-09 price GLD                                93.05 USD
2013-08-16 price VBMPX                              85.01 USD
2013-08-16 price RGAGX                              98.09 USD
2013-08-16 price ITOT                              154.24 USD
2013-08-16 price VEA                               264.65 USD
2013-08-16 price VHT                               131.00 USD
2013-08-16 price GLD                                93.35 USD
2013-08-23 price VBMPX                              83.11 USD
2013-08-23 price RGAGX                              99.74 USD
2013-08-23 price ITOT                              154.03 USD
2013-08-23 price VEA                               262.95 USD
2013-08-23 price VHT                               130.20 USD
2013-08-23 price GLD                                93.78 USD
2013-08-30 price VBMPX                              83.44 USD
2013-08-30 price RGAGX                              99.36 USD
2013-08-30 price ITOT                              155.58 USD
2013-08-30 price VEA                               264.36 USD
2013-08-30 price VHT                               127.55 USD
2013-08-30 price GLD                                93.49 USD
2013-09-06 price VBMPX                              82.99 USD
2013-09-06 price RGAGX                              98.08 USD
2013-09-06 price ITOT                              156.52 USD
2013-09-06 price VEA                               268.38 USD
2013-09-06 price VHT                               129.00 USD
2013-09-06 price GLD                                93.32 USD
2013-09-13 price VBMPX                              83.13 USD
2013-09-13 price RGAGX                              98.22 USD
2013-09-13 price ITOT                              155.55 USD
2013-09-13 price VEA                               264.53 USD
2013-09-13 price VHT                               128.34 USD
2013-09-13 price GLD                                93.63 USD
2013-09-20 price VBMPX                              85.32 USD
2013-09-20 price RGAGX                              98.79 USD
2013-09-20 price ITOT                              155.19 USD
2013-09-20 price VEA                               264.74 USD
2013-09-20 price VHT                               124.81 USD
2013-09-20 price GLD                                93.56 USD
2013-09-27 price VBMPX                              83.94 USD
2013-09-27 price RGAGX                             102.89 USD
2013-09-27 price ITOT                              156.89 USD
2013-09-27 price VEA                               263.43 USD
2013-09-27 price VHT                               127.57 USD
2013-09-27 price GLD                                93.69 USD
2013-10-04 price VBMPX                              85.10 USD
2013-10-04 price RGAGX                             101.86 USD
2013-10-04 price ITOT                              154.92 USD
2013-10-04 price VEA                               262.76 USD
2013-10-04 price VHT                               128.63 USD
2013-10-04 price GLD                                94.01 USD
2013-10-11 price VBMPX                              86.27 USD
2013-10-11 price RGAGX                             100.65 USD
2013-10-11 price ITOT                              152.32 USD
2013-10-11 price VEA                               264.76 USD
2013-10-11 price VHT                               128.07 USD
2013-10-11 price GLD                                94.51 USD
2013-10-18 price VBMPX                              87.35 USD
2013-10-18 price RGAGX                              99.02 USD
2013-10-18 price ITOT                              150.12 USD
2013-10-18 price VEA                               261.26 USD
2013-10-18 price VHT                               131.40 USD
2013-10-18 price GLD                                94.66 USD
2013-10-25 price VBMPX                              85.59 USD
2013-10-25 price RGAGX                              98.26 USD
2013-10-25 price ITOT                              150.35 USD
2013-10-25 price VEA                               260.91 USD
2013-10-25 price VHT                               131.80 USD
2013-10-25 price GLD                                94.51 USD
2013-11-01 price VBMPX                              85.46 USD
2013-11-01 price RGAGX                              99.45 USD
2013-11-01 price ITOT                              150.55 USD
2013-11-01 price VEA                               258.47 USD
2013-11-01 price VHT                               135.34 USD
2013-11-01 price GLD                                95.37 USD
2013-11-08 price VBMPX                              87.20 USD
2013-11-08 price RGAGX                              98.53 USD
2013-11-08 price ITOT                              151.54 USD
2013-11-08 price VEA                               261.99 USD
2013-11-08 price VHT                               131.96 USD
2013-11-08 price GLD                                95.07 USD
2013-11-15 price VBMPX                              88.65 USD
2013-11-15 price RGAGX                             100.37 USD
2013-11-15 price ITOT                              153.82 USD
2013-11-15 price VEA                               266.38 USD
2013-11-15 price VHT                               133.65 USD
2013-11-15 price GLD                                96.10 USD
2013-11-22 price VBMPX                              86.66 USD
2013-11-22 price RGAGX                              99.05 USD
2013-11-22 price ITOT                              152.92 USD
2013-11-22 price VEA                               268.72 USD
2013-11-22 price VHT                               132.61 USD
2013-11-22 price GLD                                96.83 USD
2013-11-29 price VBMPX                              84.89 USD
2013-11-29 price RGAGX                              98.04 USD
2013-11-29 price ITOT                              154.90 USD
2013-11-29 price VEA                               265.41 USD
2013-11-29 price VHT                               130.82 USD
2013-11-29 price GLD                                96.16 USD
2013-12-06 price VBMPX                              84.85 USD
2013-12-06 price RGAGX                             101.53 USD
2013-12-06 price ITOT                              154.35 USD
2013-12-06 price VEA                               264.13 USD
2013-12-06 price VHT                               132.15 USD
2013-12-06 price GLD                                95.60 USD
2013-12-13 price VBMPX                              85.46 USD
2013-12-13 price RGAGX                              99.31 USD
2013-12-13 price ITOT                              153.13 USD
2013-12-13 price VEA                               266.00 USD
2013-12-13 price VHT                               129.82 USD
2013-12-13 price GLD                                94.85 USD
2013-12-20 price VBMPX                              84.96 USD
2013-12-20 price RGAGX                             100.30 USD
2013-12-20 price ITOT                              152.38 USD
2013-12-20 price VEA                               272.21 USD
2013-12-20 price VHT                               129.88 USD
2013-12-20 price GLD                                95.12 USD
2013-12-27 price VBMPX                              84.01 USD
2013-12-27 price RGAGX                             101.33 USD
2013-12-27 price ITOT                              154.76 USD
2013-12-27 price VEA                               274.92 USD
2013-12-27 price VHT                               130.74 USD
2013-12-27 price GLD                                95.09 USD
2014-01-03 price VBMPX                              84.90 USD
2014-01-03 price RGAGX                             100.24 USD
2014-01-03 price ITOT                              156.46 USD
2014-01-03 price VEA                               272.14 USD
2014-01-03 price VHT                               128.00 USD
2014-01-03 price GLD                                95.92 USD
2014-01-10 price VBMPX                              83.26 USD
2014-01-10 price RGAGX                             103.43 USD
2014-01-10 price ITOT                              154.44 USD
2014-01-10 price VEA                               274.84 USD
2014-01-10 price VHT                               124.45 USD
2014-01-10 price GLD                                96.11 USD
2014-01-17 price VBMPX                              84.90 USD
2014-01-17 price RGAGX                             102.95 USD
2014-01-17 price ITOT                              155.38 USD
2014-01-17 price VEA                               273.75 USD
2014-01-17 price VHT                               124.56 USD
2014-01-17 price GLD                                96.56 USD
2014-01-24 price VBMPX                              85.18 USD
2014-01-24 price RGAGX                             103.12 USD
2014-01-24 price ITOT                              157.07 USD
2014-01-24 price VEA                               270.54 USD
2014-01-24 price VHT                               126.72 USD
2014-01-24 price GLD                                97.39 USD
2014-01-31 price VBMPX                              82.62 USD
2014-01-31 price RGAGX                             100.93 USD
2014-01-31 price ITOT                              157.93 USD
2014-01-31 price VEA                               270.25 USD
2014-01-31 price VHT                               128.97 USD
2014-01-31 price GLD                                96.79 USD
2014-02-07 price VBMPX                              82.85 USD
2014-02-07 price RGAGX                              98.91 USD
2014-02-07 price ITOT                              157.98 USD
2014-02-07 price VEA                               275.07 USD
2014-02-07 price VHT                               125.67 USD
2014-02-07 price GLD                                96.68 USD
2014-02-14 price VBMPX                              82.87 USD
2014-02-14 price RGAGX                              99.63 USD
2014-02-14 price ITOT                              159.03 USD
2014-02-14 price VEA                               273.85 USD
2014-02-14 price VHT                               127.05 USD
2014-02-14 price GLD                                96.78 USD
2014-02-21 price VBMPX                              81.46 USD
2014-02-21 price RGAGX                              97.86 USD
2014-02-21 price ITOT                              156.13 USD
2014-02-21 price VEA                               284.63 USD
2014-02-21 price VHT                               124.74 USD
2014-02-21 price GLD                                96.86 USD
2014-02-28 price VBMPX                              80.42 USD
2014-02-28 price RGAGX                              96.88 USD
2014-02-28 price ITOT                              158.53 USD
2014-02-28 price VEA                               283.47 USD
2014-02-28 price VHT                               127.92 USD
2014-02-28 price GLD                                97.33 USD
2014-03-07 price VBMPX                              83.69 USD
2014-03-07 price RGAGX                              95.10 USD
2014-03-07 price ITOT                              156.14 USD
2014-03-07 price VEA                               279.87 USD
2014-03-07 price VHT                               126.47 USD
2014-03-07 price GLD                                97.50 USD
2014-03-14 price VBMPX                              82.21 USD
2014-03-14 price RGAGX                              98.28 USD
2014-03-14 price ITOT                              156.99 USD
2014-03-14 price VEA                               285.53 USD
2014-03-14 price VHT                               124.49 USD
2014-03-14 price GLD                                97.13 USD
2014-03-21 price VBMPX                              81.20 USD
2014-03-21 price RGAGX                              99.31 USD
2014-03-21 price ITOT                              157.14 USD
2014-03-21 price VEA                               288.37 USD
2014-03-21 price VHT                               124.70 USD
2014-03-21 price GLD                                97.28 USD
2014-03-28 price VBMPX                              80.41 USD
2014-03-28 price RGAGX                              99.09 USD
2014-03-28 price ITOT                              156.83 USD
2014-03-28 price VEA                               289.35 USD
2014-03-28 price VHT                               123.50 USD
2014-03-28 price GLD                                96.96 USD
2014-04-04 price VBMPX                              81.11 USD
2014-04-04 price RGAGX                             100.07 USD
2014-04-04 price ITOT                              155.47 USD
2014-04-04 price VEA                               287.99 USD
2014-04-04 price VHT                               119.45 USD
2014-04-04 price GLD                                97.29 USD
2014-04-11 price VBMPX                              81.18 USD
2014-04-11 price RGAGX                             100.10 USD
2014-04-11 price ITOT                              156.73 USD
2014-04-11 price VEA                               288.20 USD
2014-04-11 price VHT                               119.56 USD
2014-04-11 price GLD                                96.83 USD
2014-04-18 price VBMPX                              81.14 USD
2014-04-18 price RGAGX                              97.78 USD
2014-04-18 price ITOT                              157.16 USD
2014-04-18 price VEA                               291.89 USD
2014-04-18 price VHT                               117.93 USD
2014-04-18 price GLD                                96.76 USD
2014-04-25 price VBMPX                              81.64 USD
2014-04-25 price RGAGX                             100.59 USD
2014-04-25 price ITOT                              155.77 USD
2014-04-25 price VEA                               290.21 USD
2014-04-25 price VHT                               121.34 USD
2014-04-25 price GLD                                97.27 USD
2014-05-02 price VBMPX                              80.77 USD
2014-05-02 price RGAGX                             100.47 USD
2014-05-02 price ITOT                              156.24 USD
2014-05-02 price VEA                               295.41 USD
2014-05-02 price VHT                               121.49 USD
2014-05-02 price GLD                                97.68 USD
2014-05-09 price VBMPX                              80.82 USD
2014-05-09 price RGAGX                             105.87 USD
2014-05-09 price ITOT                              155.78 USD
2014-05-09 price VEA                               299.89 USD
2014-05-09 price VHT                               120.77 USD
2014-05-09 price GLD                                98.10 USD
2014-05-16 price VBMPX                              81.46 USD
2014-05-16 price RGAGX                             104.86 USD
2014-05-16 price ITOT                              156.78 USD
2014-05-16 price VEA                               305.13 USD
2014-05-16 price VHT                               121.19 USD
2014-05-16 price GLD                                98.35 USD
2014-05-23 price VBMPX                              81.41 USD
2014-05-23 price RGAGX                             105.70 USD
2014-05-23 price ITOT                              157.66 USD
2014-05-23 price VEA                               302.75 USD
2014-05-23 price VHT                               119.91 USD
2014-05-23 price GLD                                98.83 USD
2014-05-30 price VBMPX                              82.57 USD
2014-05-30 price RGAGX                             108.74 USD
2014-05-30 price ITOT                              157.49 USD
2014-05-30 price VEA                               303.21 USD
2014-05-30 price VHT                               118.17 USD
2014-05-30 price GLD                                99.38 USD
2014-06-06 price VBMPX                              84.06 USD
2014-06-06 price RGAGX                             111.76 USD
2014-06-06 price ITOT                              158.43 USD
2014-06-06 price VEA                               298.85 USD
2014-06-06 price VHT                               120.27 USD
2014-06-06 price GLD                                99.10 USD
2014-06-13 price VBMPX                              83.98 USD
2014-06-13 price RGAGX                             112.11 USD
2014-06-13 price ITOT                              159.39 USD
2014-06-13 price VEA                               301.42 USD
2014-06-13 price VHT                               121.78 USD
2014-06-13 price GLD                               100.23 USD
2014-06-20 price VBMPX                              82.02 USD
2014-06-20 price RGAGX                             112.47 USD
2014-06-20 price ITOT                              158.76 USD
2014-06-20 price VEA                               300.81 USD
2014-06-20 price VHT                               123.92 USD
2014-06-20 price GLD                                99.33 USD
2014-06-27 price VBMPX                              82.10 USD
2014-06-27 price RGAGX                             114.74 USD
2014-06-27 price ITOT                              158.05 USD
2014-06-27 price VEA                               302.58 USD
2014-06-27 price VHT                               123.50 USD
2014-06-27 price GLD                                99.86 USD
2014-07-04 price VBMPX                              82.67 USD
2014-07-04 price RGAGX                             114.09 USD
2014-07-04 price ITOT                              158.73 USD
2014-07-04 price VEA                               304.53 USD
2014-07-04 price VHT                               123.07 USD
2014-07-04 price GLD                                99.52 USD
2014-07-11 price VBMPX                              84.02 USD
2014-07-11 price RGAGX                             111.99 USD
2014-07-11 price ITOT                              158.66 USD
2014-07-11 price VEA                               303.38 USD
2014-07-11 price VHT                               118.94 USD
2014-07-11 price GLD                                99.51 USD
2014-07-18 price VBMPX                              80.70 USD
2014-07-18 price RGAGX                             114.79 USD
2014-07-18 price ITOT                              160.27 USD
2014-07-18 price VEA                               305.56 USD
2014-07-18 price VHT                               122.18 USD
2014-07-18 price GLD                               100.94 USD
2014-07-25 price VBMPX                              79.41 USD
2014-07-25 price RGAGX                             112.31 USD
2014-07-25 price ITOT                              162.46 USD
2014-07-25 price VEA                               304.37 USD
2014-07-25 price VHT                               124.15 USD
2014-07-25 price GLD                               101.03 USD
2014-08-01 price VBMPX                              78.99 USD
2014-08-01 price RGAGX                             112.79 USD
2014-08-01 price ITOT                              160.81 USD
2014-08-01 price VEA                               308.78 USD
2014-08-01 price VHT                               123.80 USD
2014-08-01 price GLD                               102.12 USD
2014-08-08 price VBMPX                              79.28 USD
2014-08-08 price RGAGX                             113.29 USD
2014-08-08 price ITOT                              162.81 USD
2014-08-08 price VEA                               310.35 USD
2014-08-08 price VHT                               121.98 USD
2014-08-08 price GLD                               102.39 USD
2014-08-15 price VBMPX                              77.77 USD
2014-08-15 price RGAGX                             112.37 USD
2014-08-15 price ITOT                              163.10 USD
2014-08-15 price VEA                               310.44 USD
2014-08-15 price VHT                               121.81 USD
2014-08-15 price GLD                               101.92 USD
2014-08-22 price VBMPX                              78.44 USD
2014-08-22 price RGAGX                             114.22 USD
2014-08-22 price ITOT                              164.18 USD
2014-08-22 price VEA                               307.15 USD
2014-08-22 price VHT                               124.59 USD
2014-08-22 price GLD                               101.86 USD
2014-08-29 price VBMPX                              81.80 USD
2014-08-29 price RGAGX                             119.72 USD
2014-08-29 price ITOT                              163.72 USD
2014-08-29 price VEA                               311.07 USD
2014-08-29 price VHT                               123.22 USD
2014-08-29 price GLD                               101.77 USD
2014-09-05 price VBMPX                              81.53 USD
2014-09-05 price RGAGX                             120.45 USD
2014-09-05 price ITOT                              164.91 USD
2014-09-05 price VEA                               304.99 USD
2014-09-05 price VHT                               125.40 USD
2014-09-05 price GLD                               102.37 USD
2014-09-12 price VBMPX                              81.32 USD
2014-09-12 price RGAGX                             120.28 USD
2014-09-12 price ITOT                              164.76 USD
2014-09-12 price VEA                               304.23 USD
2014-09-12 price VHT                               125.27 USD
2014-09-12 price GLD                               102.39 USD
2014-09-19 price VBMPX                              82.59 USD
2014-09-19 price RGAGX                             120.97 USD
2014-09-19 price ITOT                              167.29 USD
2014-09-19 price VEA                               300.35 USD
2014-09-19 price VHT                               127.22 USD
2014-09-19 price GLD                               101.62 USD
2014-09-26 price VBMPX                              83.79 USD
2014-09-26 price RGAGX                             121.70 USD
2014-09-26 price ITOT                              169.40 USD
2014-09-26 price VEA                               300.91 USD
2014-09-26 price VHT                               125.63 USD
2014-09-26 price GLD                               101.13 USD
2014-10-03 price VBMPX                              84.81 USD
2014-10-03 price RGAGX                             119.64 USD
2014-10-03 price ITOT                              172.43 USD
2014-10-03 price VEA                               298.23 USD
2014-10-03 price VHT                               124.45 USD
2014-10-03 price GLD                               101.04 USD
2014-10-10 price VBMPX                              88.25 USD
2014-10-10 price RGAGX                             119.97 USD
2014-10-10 price ITOT                              171.13 USD
2014-10-10 price VEA                               300.35 USD
2014-10-10 price VHT                               124.18 USD
2014-10-10 price GLD                               100.00 USD
2014-10-17 price VBMPX                              88.15 USD
2014-10-17 price RGAGX                             122.34 USD
2014-10-17 price ITOT                              170.79 USD
2014-10-17 price VEA                               300.03 USD
2014-10-17 price VHT                               123.78 USD
2014-10-17 price GLD                               100.24 USD
2014-10-24 price VBMPX                              87.24 USD
2014-10-24 price RGAGX                             126.55 USD
2014-10-24 price ITOT                              167.86 USD
2014-10-24 price VEA                               293.47 USD
2014-10-24 price VHT                               127.80 USD
2014-10-24 price GLD                               100.29 USD
2014-10-31 price VBMPX                              87.34 USD
2014-10-31 price RGAGX                             130.58 USD
2014-10-31 price ITOT                              168.21 USD
2014-10-31 price VEA                               294.82 USD
2014-10-31 price VHT                               128.60 USD
2014-10-31 price GLD                                99.81 USD
2014-11-07 price VBMPX                              86.80 USD
2014-11-07 price RGAGX                             128.28 USD
2014-11-07 price ITOT                              168.16 USD
2014-11-07 price VEA                               296.66 USD
2014-11-07 price VHT                               129.84 USD
2014-11-07 price GLD                                99.39 USD
2014-11-14 price VBMPX                              87.11 USD
2014-11-14 price RGAGX                             127.33 USD
2014-11-14 price ITOT                              168.69 USD
2014-11-14 price VEA                               296.68 USD
2014-11-14 price VHT                               130.60 USD
2014-11-14 price GLD                                99.65 USD
2014-11-21 price VBMPX                              85.96 USD
2014-11-21 price RGAGX                             127.52 USD
2014-11-21 price ITOT                              168.58 USD
2014-11-21 price VEA                               299.79 USD
2014-11-21 price VHT                               127.98 USD
2014-11-21 price GLD                               100.31 USD
2014-11-28 price VBMPX                              82.27 USD
2014-11-28 price RGAGX                             124.98 USD
2014-11-28 price ITOT                              169.11 USD
2014-11-28 price VEA                               297.25 USD
2014-11-28 price VHT                               125.77 USD
2014-11-28 price GLD                               100.00 USD
* Cash

