@defaccount Dr   Assets:Current:RBC:Checking
@defaccount Dr   Assets:Investments:XTrade
@defaccount Dr   Assets:Investments:XTrade:BIP
@defaccount Cr   Income:Investments:Dividends
@defaccount Cr   Income:Investments:Capital-Gains
@defaccount Dr   Expenses:Financial:Commissions


2004-07-23 * Achat - BIP 251 Actions Mondiales
  Assets:Investments:XTrade:BIP     309.709 "BIP" @ 11.6238 CAD
  Assets:Investments:XTrade            -3600 CAD

2004-12-17 * Distribution - BIP 251 Actions Mondiales
  Assets:Current:RBC:Checking
  Income:Investments:Dividends          -108.23 CAD

2005-12-16 * Distribution - BIP 251 Actions Mondiales
  Assets:Current:RBC:Checking
  Income:Investments:Dividends          -113.43 CAD

2006-12-18 * Distribution - BIP 251 Actions Mondiales
  Assets:Investments:XTrade:BIP     10.506 "BIP" @ 14.3981 CAD
  Income:Investments:Dividends          -151.27 CAD

2007-12-17 * Distribution - BIP 251 Actions Mondiales
  Assets:Investments:XTrade:BIP     29.1021 "BIP" @ 11.4327 CAD
  Income:Investments:Dividends          -332.72 CAD

;; [Booking: 2004-07-23 / 309.709 "BIP" @ 11.6238 CAD, 2006-12-18 / 10.506 "BIP" @ 14.3981 CAD, 2007-12-17 / 29.1021 "BIP" @ 11.4327 CAD]
2008-05-08 * Rachat - BIP 251 Actions Mondiales
  Assets:Investments:XTrade:BIP     -349.3171 "BIP" @ 10.7201 CAD
  Assets:Investments:XTrade            3744.71 CAD
  (Income:Investments:Capital-Gains)    BOOK "BIP"

2008-05-12 * MUTUAL FUNDS -- BIP | Final redemption with XTrade
  Assets:Current:RBC:Checking                  3631.99 CAD
  Assets:Investments:XTrade                 -3744.71 CAD
  Expenses:Financial:Commissions             112.72 CAD





