;; -*- mode: org; mode: beancount; -*-
;; Birth: 1980-05-12
;; Dates: 2013-01-01 - 2015-12-21
;; THIS FILE HAS BEEN AUTO-GENERATED.
* Options

option "title" "Example Beancount file"
option "operating_currency" "USD"




* Commodities


1792-01-01 commodity USD
  export: "CASH"
  name: "US Dollar"

1900-01-01 commodity VMMXX
  export: "MUTF:VMMXX (MONEY:USD)"

1980-05-12 commodity VACHR
  export: "IGNORE"
  name: "Employer Vacation Hours"

1980-05-12 commodity IRAUSD
  export: "IGNORE"
  name: "US 401k and IRA Contributions"

1995-09-18 commodity VBMPX
  export: "MUTF:VBMPX"
  name: "Vanguard Total Bond Market Index Fund Institutional Plus Shares"
  price: "USD:google/MUTF:VBMPX"

2004-01-20 commodity ITOT
  export: "NYSEARCA:ITOT"
  name: "iShares Core S&P Total U.S. Stock Market ETF"
  price: "USD:google/NYSEARCA:ITOT"

2004-01-26 commodity VHT
  export: "NYSEARCA:VHT"
  name: "Vanguard Health Care ETF"
  price: "USD:google/NYSEARCA:VHT"

2004-11-01 commodity GLD
  export: "NYSEARCA:GLD"
  name: "SPDR Gold Trust (ETF)"
  price: "USD:google/NYSEARCA:GLD"

2007-07-20 commodity VEA
  export: "NYSEARCA:VEA"
  name: "Vanguard FTSE Developed Markets ETF"
  price: "USD:google/NYSEARCA:VEA"

2009-05-01 commodity RGAGX
  export: "MUTF:RGAGX"
  name: "American Funds The Growth Fund of America Class R-6"
  price: "USD:google/MUTF:RGAGX"



* Equity Accounts

1980-05-12 open Equity:Opening-Balances
1980-05-12 open Liabilities:AccountsPayable



* Banking

2013-01-01 open Assets:US:BofA
  address: "123 America Street, LargeTown, USA"
  institution: "Bank of America"
  phone: "+1.012.345.6789"
2013-01-01 open Assets:US:BofA:Checking                        USD
  account: "00234-48574897"

2013-01-01 * "Opening Balance for checking account"
  Assets:US:BofA:Checking                         3219.17 USD
  Equity:Opening-Balances                        -3219.17 USD

2013-01-02 balance Assets:US:BofA:Checking        3219.17 USD

2013-01-04 * "BANK FEES" | "Monthly bank fee"
  Assets:US:BofA:Checking                           -4.00 USD
  Expenses:Financial:Fees                            4.00 USD

2013-01-06 * "RiverBank Properties" | "Paying the rent"
  Assets:US:BofA:Checking                        -2400.00 USD
  Expenses:Home:Rent                              2400.00 USD

2013-01-09 * "EDISON POWER" | ""
  Assets:US:BofA:Checking                          -65.00 USD
  Expenses:Home:Electricity                         65.00 USD

2013-01-20 * "Verizon Wireless" | ""
  Assets:US:BofA:Checking                          -69.82 USD
  Expenses:Home:Phone                               69.82 USD

2013-01-22 * "Wine-Tarner Cable" | ""
  Assets:US:BofA:Checking                          -79.85 USD
  Expenses:Home:Internet                            79.85 USD

2013-01-23 balance Assets:US:BofA:Checking        3202.49 USD

2013-02-04 * "BANK FEES" | "Monthly bank fee"
  Assets:US:BofA:Checking                           -4.00 USD
  Expenses:Financial:Fees                            4.00 USD

2013-02-05 * "RiverBank Properties" | "Paying the rent"
  Assets:US:BofA:Checking                        -2400.00 USD
  Expenses:Home:Rent                              2400.00 USD

2013-02-09 * "EDISON POWER" | ""
  Assets:US:BofA:Checking                          -65.00 USD
  Expenses:Home:Electricity                         65.00 USD

2013-02-20 * "Verizon Wireless" | ""
  Assets:US:BofA:Checking                          -46.32 USD
  Expenses:Home:Phone                               46.32 USD

2013-02-21 balance Assets:US:BofA:Checking        2737.40 USD

2013-02-22 * "Wine-Tarner Cable" | ""
  Assets:US:BofA:Checking                          -79.97 USD
  Expenses:Home:Internet                            79.97 USD

2013-03-04 * "BANK FEES" | "Monthly bank fee"
  Assets:US:BofA:Checking                           -4.00 USD
  Expenses:Financial:Fees                            4.00 USD

2013-03-04 * "RiverBank Properties" | "Paying the rent"
  Assets:US:BofA:Checking                        -2400.00 USD
  Expenses:Home:Rent                              2400.00 USD

2013-03-08 * "EDISON POWER" | ""
  Assets:US:BofA:Checking                          -65.00 USD
  Expenses:Home:Electricity                         65.00 USD

2013-03-15 balance Assets:US:BofA:Checking        2305.81 USD

2013-03-19 * "Verizon Wireless" | ""
  Assets:US:BofA:Checking                          -76.81 USD
  Expenses:Home:Phone                               76.81 USD

2013-03-22 * "Wine-Tarner Cable" | ""
  Assets:US:BofA:Checking                          -80.00 USD
  Expenses:Home:Internet                            80.00 USD

2013-04-03 * "RiverBank Properties" | "Paying the rent"
  Assets:US:BofA:Checking                        -2400.00 USD
  Expenses:Home:Rent                              2400.00 USD

2013-04-04 * "BANK FEES" | "Monthly bank fee"
  Assets:US:BofA:Checking                           -4.00 USD
  Expenses:Financial:Fees                            4.00 USD

2013-04-08 * "EDISON POWER" | ""
  Assets:US:BofA:Checking                          -65.00 USD
  Expenses:Home:Electricity                         65.00 USD

2013-04-09 balance Assets:US:BofA:Checking        1030.60 USD

2013-04-18 * "Verizon Wireless" | ""
  Assets:US:BofA:Checking                          -63.51 USD
  Expenses:Home:Phone                               63.51 USD

2013-04-22 * "Wine-Tarner Cable" | ""
  Assets:US:BofA:Checking                          -80.19 USD
  Expenses:Home:Internet                            80.19 USD

2013-05-01 balance Assets:US:BofA:Checking        2840.94 USD

2013-05-04 * "BANK FEES" | "Monthly bank fee"
  Assets:US:BofA:Checking                           -4.00 USD
  Expenses:Financial:Fees                            4.00 USD

2013-05-04 * "RiverBank Properties" | "Paying the rent"
  Assets:US:BofA:Checking                        -2400.00 USD
  Expenses:Home:Rent                              2400.00 USD

2013-05-09 * "EDISON POWER" | ""
  Assets:US:BofA:Checking                          -65.00 USD
  Expenses:Home:Electricity                         65.00 USD

2013-05-19 * "Verizon Wireless" | ""
  Assets:US:BofA:Checking                          -56.07 USD
  Expenses:Home:Phone                               56.07 USD

2013-05-22 * "Wine-Tarner Cable" | ""
  Assets:US:BofA:Checking                          -79.93 USD
  Expenses:Home:Internet                            79.93 USD

2013-05-25 balance Assets:US:BofA:Checking        2404.00 USD

2013-06-04 * "BANK FEES" | "Monthly bank fee"
  Assets:US:BofA:Checking                           -4.00 USD
  Expenses:Financial:Fees                            4.00 USD

2013-06-05 * "RiverBank Properties" | "Paying the rent"
  Assets:US:BofA:Checking                        -2400.00 USD
  Expenses:Home:Rent                              2400.00 USD

2013-06-09 * "EDISON POWER" | ""
  Assets:US:BofA:Checking                          -65.00 USD
  Expenses:Home:Electricity                         65.00 USD

2013-06-19 * "Verizon Wireless" | ""
  Assets:US:BofA:Checking                          -59.21 USD
  Expenses:Home:Phone                               59.21 USD

2013-06-22 balance Assets:US:BofA:Checking        1947.12 USD

2013-06-22 * "Wine-Tarner Cable" | ""
  Assets:US:BofA:Checking                          -79.86 USD
  Expenses:Home:Internet                            79.86 USD

2013-07-04 * "BANK FEES" | "Monthly bank fee"
  Assets:US:BofA:Checking                           -4.00 USD
  Expenses:Financial:Fees                            4.00 USD

2013-07-06 * "RiverBank Properties" | "Paying the rent"
  Assets:US:BofA:Checking                        -2400.00 USD
  Expenses:Home:Rent                              2400.00 USD

2013-07-09 * "EDISON POWER" | ""
  Assets:US:BofA:Checking                          -65.00 USD
  Expenses:Home:Electricity                         65.00 USD

2013-07-18 * "Verizon Wireless" | ""
  Assets:US:BofA:Checking                          -50.68 USD
  Expenses:Home:Phone                               50.68 USD

2013-07-19 balance Assets:US:BofA:Checking        2366.21 USD

2013-07-23 * "Wine-Tarner Cable" | ""
  Assets:US:BofA:Checking                          -80.17 USD
  Expenses:Home:Internet                            80.17 USD

2013-08-04 * "BANK FEES" | "Monthly bank fee"
  Assets:US:BofA:Checking                           -4.00 USD
  Expenses:Financial:Fees                            4.00 USD

2013-08-04 * "RiverBank Properties" | "Paying the rent"
  Assets:US:BofA:Checking                        -2400.00 USD
  Expenses:Home:Rent                              2400.00 USD

2013-08-08 * "EDISON POWER" | ""
  Assets:US:BofA:Checking                          -65.00 USD
  Expenses:Home:Electricity                         65.00 USD

2013-08-16 * "Transfering accumulated savings to other account"
  Assets:US:BofA:Checking                           -3000 USD
  Assets:US:ETrade:Cash                              3000 USD

2013-08-18 balance Assets:US:BofA:Checking        1383.71 USD

2013-08-20 * "Verizon Wireless" | ""
  Assets:US:BofA:Checking                          -61.29 USD
  Expenses:Home:Phone                               61.29 USD

2013-08-21 * "Wine-Tarner Cable" | ""
  Assets:US:BofA:Checking                          -79.98 USD
  Expenses:Home:Internet                            79.98 USD

2013-09-04 * "BANK FEES" | "Monthly bank fee"
  Assets:US:BofA:Checking                           -4.00 USD
  Expenses:Financial:Fees                            4.00 USD

2013-09-05 * "RiverBank Properties" | "Paying the rent"
  Assets:US:BofA:Checking                        -2400.00 USD
  Expenses:Home:Rent                              2400.00 USD

2013-09-09 * "EDISON POWER" | ""
  Assets:US:BofA:Checking                          -65.00 USD
  Expenses:Home:Electricity                         65.00 USD

2013-09-11 balance Assets:US:BofA:Checking        1324.04 USD

2013-09-19 * "Verizon Wireless" | ""
  Assets:US:BofA:Checking                          -81.85 USD
  Expenses:Home:Phone                               81.85 USD

2013-09-22 * "Wine-Tarner Cable" | ""
  Assets:US:BofA:Checking                          -80.02 USD
  Expenses:Home:Internet                            80.02 USD

2013-10-03 * "RiverBank Properties" | "Paying the rent"
  Assets:US:BofA:Checking                        -2400.00 USD
  Expenses:Home:Rent                              2400.00 USD

2013-10-04 balance Assets:US:BofA:Checking        3106.52 USD

2013-10-04 * "BANK FEES" | "Monthly bank fee"
  Assets:US:BofA:Checking                           -4.00 USD
  Expenses:Financial:Fees                            4.00 USD

2013-10-09 * "EDISON POWER" | ""
  Assets:US:BofA:Checking                          -65.00 USD
  Expenses:Home:Electricity                         65.00 USD

2013-10-11 * "Transfering accumulated savings to other account"
  Assets:US:BofA:Checking                           -4500 USD
  Assets:US:ETrade:Cash                              4500 USD

2013-10-18 * "Verizon Wireless" | ""
  Assets:US:BofA:Checking                          -76.78 USD
  Expenses:Home:Phone                               76.78 USD

2013-10-21 * "Wine-Tarner Cable" | ""
  Assets:US:BofA:Checking                          -79.97 USD
  Expenses:Home:Internet                            79.97 USD

2013-11-01 balance Assets:US:BofA:Checking        2870.43 USD

2013-11-04 * "BANK FEES" | "Monthly bank fee"
  Assets:US:BofA:Checking                           -4.00 USD
  Expenses:Financial:Fees                            4.00 USD

2013-11-05 * "RiverBank Properties" | "Paying the rent"
  Assets:US:BofA:Checking                        -2400.00 USD
  Expenses:Home:Rent                              2400.00 USD

2013-11-08 * "EDISON POWER" | ""
  Assets:US:BofA:Checking                          -65.00 USD
  Expenses:Home:Electricity                         65.00 USD

2013-11-19 * "Verizon Wireless" | ""
  Assets:US:BofA:Checking                          -89.68 USD
  Expenses:Home:Phone                               89.68 USD

2013-11-21 balance Assets:US:BofA:Checking        2277.98 USD

2013-11-23 * "Wine-Tarner Cable" | ""
  Assets:US:BofA:Checking                          -79.83 USD
  Expenses:Home:Internet                            79.83 USD

2013-12-03 * "RiverBank Properties" | "Paying the rent"
  Assets:US:BofA:Checking                        -2400.00 USD
  Expenses:Home:Rent                              2400.00 USD

2013-12-04 * "BANK FEES" | "Monthly bank fee"
  Assets:US:BofA:Checking                           -4.00 USD
  Expenses:Financial:Fees                            4.00 USD

2013-12-09 * "EDISON POWER" | ""
  Assets:US:BofA:Checking                          -65.00 USD
  Expenses:Home:Electricity                         65.00 USD

2013-12-15 balance Assets:US:BofA:Checking        4126.07 USD

2013-12-20 * "Verizon Wireless" | ""
  Assets:US:BofA:Checking                          -39.70 USD
  Expenses:Home:Phone                               39.70 USD

2013-12-23 * "Wine-Tarner Cable" | ""
  Assets:US:BofA:Checking                          -79.90 USD
  Expenses:Home:Internet                            79.90 USD

2014-01-04 * "BANK FEES" | "Monthly bank fee"
  Assets:US:BofA:Checking                           -4.00 USD
  Expenses:Financial:Fees                            4.00 USD

2014-01-04 * "RiverBank Properties" | "Paying the rent"
  Assets:US:BofA:Checking                        -2400.00 USD
  Expenses:Home:Rent                              2400.00 USD

2014-01-07 balance Assets:US:BofA:Checking        5785.21 USD

2014-01-08 * "EDISON POWER" | ""
  Assets:US:BofA:Checking                          -65.00 USD
  Expenses:Home:Electricity                         65.00 USD

2014-01-20 * "Verizon Wireless" | ""
  Assets:US:BofA:Checking                          -36.85 USD
  Expenses:Home:Phone                               36.85 USD

2014-01-22 * "Wine-Tarner Cable" | ""
  Assets:US:BofA:Checking                          -80.10 USD
  Expenses:Home:Internet                            80.10 USD

2014-02-01 balance Assets:US:BofA:Checking        7667.82 USD

2014-02-04 * "BANK FEES" | "Monthly bank fee"
  Assets:US:BofA:Checking                           -4.00 USD
  Expenses:Financial:Fees                            4.00 USD

2014-02-06 * "RiverBank Properties" | "Paying the rent"
  Assets:US:BofA:Checking                        -2400.00 USD
  Expenses:Home:Rent                              2400.00 USD

2014-02-09 * "EDISON POWER" | ""
  Assets:US:BofA:Checking                          -65.00 USD
  Expenses:Home:Electricity                         65.00 USD

2014-02-19 * "Verizon Wireless" | ""
  Assets:US:BofA:Checking                          -80.03 USD
  Expenses:Home:Phone                               80.03 USD

2014-02-21 * "Wine-Tarner Cable" | ""
  Assets:US:BofA:Checking                          -79.87 USD
  Expenses:Home:Internet                            79.87 USD

2014-02-24 balance Assets:US:BofA:Checking        6129.28 USD

2014-03-04 * "BANK FEES" | "Monthly bank fee"
  Assets:US:BofA:Checking                           -4.00 USD
  Expenses:Financial:Fees                            4.00 USD

2014-03-05 * "RiverBank Properties" | "Paying the rent"
  Assets:US:BofA:Checking                        -2400.00 USD
  Expenses:Home:Rent                              2400.00 USD

2014-03-09 * "EDISON POWER" | ""
  Assets:US:BofA:Checking                          -65.00 USD
  Expenses:Home:Electricity                         65.00 USD

2014-03-18 * "Verizon Wireless" | ""
  Assets:US:BofA:Checking                          -61.52 USD
  Expenses:Home:Phone                               61.52 USD

2014-03-22 balance Assets:US:BofA:Checking        5761.39 USD

2014-03-22 * "Wine-Tarner Cable" | ""
  Assets:US:BofA:Checking                          -80.01 USD
  Expenses:Home:Internet                            80.01 USD

2014-04-04 * "BANK FEES" | "Monthly bank fee"
  Assets:US:BofA:Checking                           -4.00 USD
  Expenses:Financial:Fees                            4.00 USD

2014-04-04 * "RiverBank Properties" | "Paying the rent"
  Assets:US:BofA:Checking                        -2400.00 USD
  Expenses:Home:Rent                              2400.00 USD

2014-04-08 * "EDISON POWER" | ""
  Assets:US:BofA:Checking                          -65.00 USD
  Expenses:Home:Electricity                         65.00 USD

2014-04-18 balance Assets:US:BofA:Checking        4378.28 USD

2014-04-18 * "Verizon Wireless" | ""
  Assets:US:BofA:Checking                          -46.97 USD
  Expenses:Home:Phone                               46.97 USD

2014-04-23 * "Wine-Tarner Cable" | ""
  Assets:US:BofA:Checking                          -79.95 USD
  Expenses:Home:Internet                            79.95 USD

2014-05-04 * "BANK FEES" | "Monthly bank fee"
  Assets:US:BofA:Checking                           -4.00 USD
  Expenses:Financial:Fees                            4.00 USD

2014-05-06 * "RiverBank Properties" | "Paying the rent"
  Assets:US:BofA:Checking                        -2400.00 USD
  Expenses:Home:Rent                              2400.00 USD

2014-05-09 * "EDISON POWER" | ""
  Assets:US:BofA:Checking                          -65.00 USD
  Expenses:Home:Electricity                         65.00 USD

2014-05-13 balance Assets:US:BofA:Checking        3924.98 USD

2014-05-19 * "Verizon Wireless" | ""
  Assets:US:BofA:Checking                          -68.08 USD
  Expenses:Home:Phone                               68.08 USD

2014-05-23 * "Wine-Tarner Cable" | ""
  Assets:US:BofA:Checking                          -79.99 USD
  Expenses:Home:Internet                            79.99 USD

2014-06-04 * "BANK FEES" | "Monthly bank fee"
  Assets:US:BofA:Checking                           -4.00 USD
  Expenses:Financial:Fees                            4.00 USD

2014-06-04 * "RiverBank Properties" | "Paying the rent"
  Assets:US:BofA:Checking                        -2400.00 USD
  Expenses:Home:Rent                              2400.00 USD

2014-06-06 balance Assets:US:BofA:Checking        4074.11 USD

2014-06-08 * "EDISON POWER" | ""
  Assets:US:BofA:Checking                          -65.00 USD
  Expenses:Home:Electricity                         65.00 USD

2014-06-20 * "Verizon Wireless" | ""
  Assets:US:BofA:Checking                          -74.50 USD
  Expenses:Home:Phone                               74.50 USD

2014-06-22 * "Wine-Tarner Cable" | ""
  Assets:US:BofA:Checking                          -80.18 USD
  Expenses:Home:Internet                            80.18 USD

2014-06-26 balance Assets:US:BofA:Checking        4617.39 USD

2014-07-04 * "BANK FEES" | "Monthly bank fee"
  Assets:US:BofA:Checking                           -4.00 USD
  Expenses:Financial:Fees                            4.00 USD

2014-07-05 * "RiverBank Properties" | "Paying the rent"
  Assets:US:BofA:Checking                        -2400.00 USD
  Expenses:Home:Rent                              2400.00 USD

2014-07-09 * "EDISON POWER" | ""
  Assets:US:BofA:Checking                          -65.00 USD
  Expenses:Home:Electricity                         65.00 USD

2014-07-18 * "Verizon Wireless" | ""
  Assets:US:BofA:Checking                          -61.57 USD
  Expenses:Home:Phone                               61.57 USD

2014-07-18 * "Transfering accumulated savings to other account"
  Assets:US:BofA:Checking                           -3500 USD
  Assets:US:ETrade:Cash                              3500 USD

2014-07-23 * "Wine-Tarner Cable" | ""
  Assets:US:BofA:Checking                          -80.02 USD
  Expenses:Home:Internet                            80.02 USD

2014-07-25 balance Assets:US:BofA:Checking        1079.12 USD

2014-08-04 * "BANK FEES" | "Monthly bank fee"
  Assets:US:BofA:Checking                           -4.00 USD
  Expenses:Financial:Fees                            4.00 USD

2014-08-04 * "RiverBank Properties" | "Paying the rent"
  Assets:US:BofA:Checking                        -2400.00 USD
  Expenses:Home:Rent                              2400.00 USD

2014-08-08 * "EDISON POWER" | ""
  Assets:US:BofA:Checking                          -65.00 USD
  Expenses:Home:Electricity                         65.00 USD

2014-08-16 balance Assets:US:BofA:Checking        2889.06 USD

2014-08-18 * "Verizon Wireless" | ""
  Assets:US:BofA:Checking                          -64.39 USD
  Expenses:Home:Phone                               64.39 USD

2014-08-22 * "Wine-Tarner Cable" | ""
  Assets:US:BofA:Checking                          -80.14 USD
  Expenses:Home:Internet                            80.14 USD

2014-09-04 * "BANK FEES" | "Monthly bank fee"
  Assets:US:BofA:Checking                           -4.00 USD
  Expenses:Financial:Fees                            4.00 USD

2014-09-06 * "RiverBank Properties" | "Paying the rent"
  Assets:US:BofA:Checking                        -2400.00 USD
  Expenses:Home:Rent                              2400.00 USD

2014-09-08 * "EDISON POWER" | ""
  Assets:US:BofA:Checking                          -65.00 USD
  Expenses:Home:Electricity                         65.00 USD

2014-09-09 balance Assets:US:BofA:Checking        2826.13 USD

2014-09-12 * "Transfering accumulated savings to other account"
  Assets:US:BofA:Checking                           -4000 USD
  Assets:US:ETrade:Cash                              4000 USD

2014-09-20 * "Verizon Wireless" | ""
  Assets:US:BofA:Checking                          -58.03 USD
  Expenses:Home:Phone                               58.03 USD

2014-09-22 * "Wine-Tarner Cable" | ""
  Assets:US:BofA:Checking                          -79.92 USD
  Expenses:Home:Internet                            79.92 USD

2014-10-02 balance Assets:US:BofA:Checking        3282.36 USD

2014-10-04 * "BANK FEES" | "Monthly bank fee"
  Assets:US:BofA:Checking                           -4.00 USD
  Expenses:Financial:Fees                            4.00 USD

2014-10-04 * "RiverBank Properties" | "Paying the rent"
  Assets:US:BofA:Checking                        -2400.00 USD
  Expenses:Home:Rent                              2400.00 USD

2014-10-09 * "EDISON POWER" | ""
  Assets:US:BofA:Checking                          -65.00 USD
  Expenses:Home:Electricity                         65.00 USD

2014-10-18 * "Verizon Wireless" | ""
  Assets:US:BofA:Checking                          -58.54 USD
  Expenses:Home:Phone                               58.54 USD

2014-10-21 * "Wine-Tarner Cable" | ""
  Assets:US:BofA:Checking                          -80.14 USD
  Expenses:Home:Internet                            80.14 USD

2014-10-26 balance Assets:US:BofA:Checking        5330.11 USD

2014-11-04 * "BANK FEES" | "Monthly bank fee"
  Assets:US:BofA:Checking                           -4.00 USD
  Expenses:Financial:Fees                            4.00 USD

2014-11-05 * "RiverBank Properties" | "Paying the rent"
  Assets:US:BofA:Checking                        -2400.00 USD
  Expenses:Home:Rent                              2400.00 USD

2014-11-07 * "Transfering accumulated savings to other account"
  Assets:US:BofA:Checking                           -4000 USD
  Assets:US:ETrade:Cash                              4000 USD

2014-11-08 * "EDISON POWER" | ""
  Assets:US:BofA:Checking                          -65.00 USD
  Expenses:Home:Electricity                         65.00 USD

2014-11-18 * "Verizon Wireless" | ""
  Assets:US:BofA:Checking                          -58.39 USD
  Expenses:Home:Phone                               58.39 USD

2014-11-19 balance Assets:US:BofA:Checking         539.66 USD

2014-11-23 * "Wine-Tarner Cable" | ""
  Assets:US:BofA:Checking                          -80.07 USD
  Expenses:Home:Internet                            80.07 USD

2014-12-04 * "BANK FEES" | "Monthly bank fee"
  Assets:US:BofA:Checking                           -4.00 USD
  Expenses:Financial:Fees                            4.00 USD

2014-12-05 * "RiverBank Properties" | "Paying the rent"
  Assets:US:BofA:Checking                        -2400.00 USD
  Expenses:Home:Rent                              2400.00 USD

2014-12-09 * "EDISON POWER" | ""
  Assets:US:BofA:Checking                          -65.00 USD
  Expenses:Home:Electricity                         65.00 USD

2014-12-11 balance Assets:US:BofA:Checking        2503.67 USD

2014-12-18 * "Verizon Wireless" | ""
  Assets:US:BofA:Checking                          -57.09 USD
  Expenses:Home:Phone                               57.09 USD

2014-12-21 * "Wine-Tarner Cable" | ""
  Assets:US:BofA:Checking                          -80.03 USD
  Expenses:Home:Internet                            80.03 USD

2015-01-03 balance Assets:US:BofA:Checking        6549.29 USD

2015-01-04 * "BANK FEES" | "Monthly bank fee"
  Assets:US:BofA:Checking                           -4.00 USD
  Expenses:Financial:Fees                            4.00 USD

2015-01-06 * "RiverBank Properties" | "Paying the rent"
  Assets:US:BofA:Checking                        -2400.00 USD
  Expenses:Home:Rent                              2400.00 USD

2015-01-09 * "EDISON POWER" | ""
  Assets:US:BofA:Checking                          -65.00 USD
  Expenses:Home:Electricity                         65.00 USD

2015-01-18 * "Verizon Wireless" | ""
  Assets:US:BofA:Checking                          -59.57 USD
  Expenses:Home:Phone                               59.57 USD

2015-01-21 * "Wine-Tarner Cable" | ""
  Assets:US:BofA:Checking                          -79.97 USD
  Expenses:Home:Internet                            79.97 USD

2015-01-28 balance Assets:US:BofA:Checking        4715.25 USD

2015-02-04 * "BANK FEES" | "Monthly bank fee"
  Assets:US:BofA:Checking                           -4.00 USD
  Expenses:Financial:Fees                            4.00 USD

2015-02-04 * "RiverBank Properties" | "Paying the rent"
  Assets:US:BofA:Checking                        -2400.00 USD
  Expenses:Home:Rent                              2400.00 USD

2015-02-09 * "EDISON POWER" | ""
  Assets:US:BofA:Checking                          -65.00 USD
  Expenses:Home:Electricity                         65.00 USD

2015-02-19 balance Assets:US:BofA:Checking        4147.08 USD

2015-02-19 * "Verizon Wireless" | ""
  Assets:US:BofA:Checking                          -64.14 USD
  Expenses:Home:Phone                               64.14 USD

2015-02-21 * "Wine-Tarner Cable" | ""
  Assets:US:BofA:Checking                          -80.12 USD
  Expenses:Home:Internet                            80.12 USD

2015-03-03 * "RiverBank Properties" | "Paying the rent"
  Assets:US:BofA:Checking                        -2400.00 USD
  Expenses:Home:Rent                              2400.00 USD

2015-03-04 * "BANK FEES" | "Monthly bank fee"
  Assets:US:BofA:Checking                           -4.00 USD
  Expenses:Financial:Fees                            4.00 USD

2015-03-08 * "EDISON POWER" | ""
  Assets:US:BofA:Checking                          -65.00 USD
  Expenses:Home:Electricity                         65.00 USD

2015-03-18 * "Verizon Wireless" | ""
  Assets:US:BofA:Checking                          -38.93 USD
  Expenses:Home:Phone                               38.93 USD

2015-03-19 balance Assets:US:BofA:Checking        3824.54 USD

2015-03-22 * "Wine-Tarner Cable" | ""
  Assets:US:BofA:Checking                          -80.01 USD
  Expenses:Home:Internet                            80.01 USD

2015-04-04 * "BANK FEES" | "Monthly bank fee"
  Assets:US:BofA:Checking                           -4.00 USD
  Expenses:Financial:Fees                            4.00 USD

2015-04-04 * "RiverBank Properties" | "Paying the rent"
  Assets:US:BofA:Checking                        -2400.00 USD
  Expenses:Home:Rent                              2400.00 USD

2015-04-09 balance Assets:US:BofA:Checking        1136.92 USD

2015-04-09 * "EDISON POWER" | ""
  Assets:US:BofA:Checking                          -65.00 USD
  Expenses:Home:Electricity                         65.00 USD

2015-04-19 * "Verizon Wireless" | ""
  Assets:US:BofA:Checking                          -53.70 USD
  Expenses:Home:Phone                               53.70 USD

2015-04-23 * "Wine-Tarner Cable" | ""
  Assets:US:BofA:Checking                          -80.10 USD
  Expenses:Home:Internet                            80.10 USD

2015-04-30 balance Assets:US:BofA:Checking        3639.32 USD

2015-05-03 * "RiverBank Properties" | "Paying the rent"
  Assets:US:BofA:Checking                        -2400.00 USD
  Expenses:Home:Rent                              2400.00 USD

2015-05-04 * "BANK FEES" | "Monthly bank fee"
  Assets:US:BofA:Checking                           -4.00 USD
  Expenses:Financial:Fees                            4.00 USD

2015-05-09 * "EDISON POWER" | ""
  Assets:US:BofA:Checking                          -65.00 USD
  Expenses:Home:Electricity                         65.00 USD

2015-05-20 * "Verizon Wireless" | ""
  Assets:US:BofA:Checking                          -66.02 USD
  Expenses:Home:Phone                               66.02 USD

2015-05-23 * "Wine-Tarner Cable" | ""
  Assets:US:BofA:Checking                          -80.09 USD
  Expenses:Home:Internet                            80.09 USD

2015-05-27 balance Assets:US:BofA:Checking        3136.15 USD

2015-06-03 * "RiverBank Properties" | "Paying the rent"
  Assets:US:BofA:Checking                        -2400.00 USD
  Expenses:Home:Rent                              2400.00 USD

2015-06-04 * "BANK FEES" | "Monthly bank fee"
  Assets:US:BofA:Checking                           -4.00 USD
  Expenses:Financial:Fees                            4.00 USD

2015-06-08 * "EDISON POWER" | ""
  Assets:US:BofA:Checking                          -65.00 USD
  Expenses:Home:Electricity                         65.00 USD

2015-06-20 * "Verizon Wireless" | ""
  Assets:US:BofA:Checking                          -67.58 USD
  Expenses:Home:Phone                               67.58 USD

2015-06-21 balance Assets:US:BofA:Checking        2607.69 USD

2015-06-23 * "Wine-Tarner Cable" | ""
  Assets:US:BofA:Checking                          -80.12 USD
  Expenses:Home:Internet                            80.12 USD

2015-07-03 * "RiverBank Properties" | "Paying the rent"
  Assets:US:BofA:Checking                        -2400.00 USD
  Expenses:Home:Rent                              2400.00 USD

2015-07-04 * "BANK FEES" | "Monthly bank fee"
  Assets:US:BofA:Checking                           -4.00 USD
  Expenses:Financial:Fees                            4.00 USD

2015-07-08 * "EDISON POWER" | ""
  Assets:US:BofA:Checking                          -65.00 USD
  Expenses:Home:Electricity                         65.00 USD

2015-07-18 * "Verizon Wireless" | ""
  Assets:US:BofA:Checking                          -58.63 USD
  Expenses:Home:Phone                               58.63 USD

2015-07-20 balance Assets:US:BofA:Checking        2077.37 USD

2015-07-22 * "Wine-Tarner Cable" | ""
  Assets:US:BofA:Checking                          -80.02 USD
  Expenses:Home:Internet                            80.02 USD

2015-08-03 * "RiverBank Properties" | "Paying the rent"
  Assets:US:BofA:Checking                        -2400.00 USD
  Expenses:Home:Rent                              2400.00 USD

2015-08-04 * "BANK FEES" | "Monthly bank fee"
  Assets:US:BofA:Checking                           -4.00 USD
  Expenses:Financial:Fees                            4.00 USD

2015-08-09 * "EDISON POWER" | ""
  Assets:US:BofA:Checking                          -65.00 USD
  Expenses:Home:Electricity                         65.00 USD

2015-08-10 balance Assets:US:BofA:Checking        2078.95 USD

2015-08-14 * "Transfering accumulated savings to other account"
  Assets:US:BofA:Checking                           -3500 USD
  Assets:US:ETrade:Cash                              3500 USD

2015-08-19 * "Verizon Wireless" | ""
  Assets:US:BofA:Checking                          -55.51 USD
  Expenses:Home:Phone                               55.51 USD

2015-08-21 * "Wine-Tarner Cable" | ""
  Assets:US:BofA:Checking                          -79.89 USD
  Expenses:Home:Internet                            79.89 USD

2015-09-02 balance Assets:US:BofA:Checking        2832.53 USD

2015-09-03 * "RiverBank Properties" | "Paying the rent"
  Assets:US:BofA:Checking                        -2400.00 USD
  Expenses:Home:Rent                              2400.00 USD

2015-09-04 * "BANK FEES" | "Monthly bank fee"
  Assets:US:BofA:Checking                           -4.00 USD
  Expenses:Financial:Fees                            4.00 USD

2015-09-09 * "EDISON POWER" | ""
  Assets:US:BofA:Checking                          -65.00 USD
  Expenses:Home:Electricity                         65.00 USD

2015-09-19 * "Verizon Wireless" | ""
  Assets:US:BofA:Checking                          -31.27 USD
  Expenses:Home:Phone                               31.27 USD

2015-09-22 * "Wine-Tarner Cable" | ""
  Assets:US:BofA:Checking                          -79.94 USD
  Expenses:Home:Internet                            79.94 USD

2015-10-02 balance Assets:US:BofA:Checking        4702.46 USD

2015-10-04 * "BANK FEES" | "Monthly bank fee"
  Assets:US:BofA:Checking                           -4.00 USD
  Expenses:Financial:Fees                            4.00 USD

2015-10-05 * "RiverBank Properties" | "Paying the rent"
  Assets:US:BofA:Checking                        -2400.00 USD
  Expenses:Home:Rent                              2400.00 USD

2015-10-09 * "EDISON POWER" | ""
  Assets:US:BofA:Checking                          -65.00 USD
  Expenses:Home:Electricity                         65.00 USD

2015-10-09 * "Transfering accumulated savings to other account"
  Assets:US:BofA:Checking                           -4000 USD
  Assets:US:ETrade:Cash                              4000 USD

2015-10-20 * "Verizon Wireless" | ""
  Assets:US:BofA:Checking                          -62.86 USD
  Expenses:Home:Phone                               62.86 USD

2015-10-22 * "Wine-Tarner Cable" | ""
  Assets:US:BofA:Checking                          -80.11 USD
  Expenses:Home:Internet                            80.11 USD

2015-11-01 balance Assets:US:BofA:Checking        2696.79 USD

2015-11-03 * "RiverBank Properties" | "Paying the rent"
  Assets:US:BofA:Checking                        -2400.00 USD
  Expenses:Home:Rent                              2400.00 USD

2015-11-04 * "BANK FEES" | "Monthly bank fee"
  Assets:US:BofA:Checking                           -4.00 USD
  Expenses:Financial:Fees                            4.00 USD

2015-11-08 * "EDISON POWER" | ""
  Assets:US:BofA:Checking                          -65.00 USD
  Expenses:Home:Electricity                         65.00 USD

2015-11-18 * "Verizon Wireless" | ""
  Assets:US:BofA:Checking                          -43.73 USD
  Expenses:Home:Phone                               43.73 USD

2015-11-20 * "Transfering accumulated savings to other account"
  Assets:US:BofA:Checking                           -4000 USD
  Assets:US:ETrade:Cash                              4000 USD

2015-11-22 * "Wine-Tarner Cable" | ""
  Assets:US:BofA:Checking                          -79.97 USD
  Expenses:Home:Internet                            79.97 USD

2015-11-25 balance Assets:US:BofA:Checking         626.03 USD

2015-12-04 * "BANK FEES" | "Monthly bank fee"
  Assets:US:BofA:Checking                           -4.00 USD
  Expenses:Financial:Fees                            4.00 USD

2015-12-04 * "Transfering accumulated savings to other account"
  Assets:US:BofA:Checking                           -3000 USD
  Assets:US:ETrade:Cash                              3000 USD

2015-12-17 balance Assets:US:BofA:Checking         211.09 USD



* Credit-Cards

1980-05-12 open Liabilities:US:Chase:Slate                      USD

2013-01-05 * "Kin Soy" | "Eating out with Bill"
  Liabilities:US:Chase:Slate                       -40.88 USD
  Expenses:Food:Restaurant                          40.88 USD

2013-01-08 * "Rose Flower" | "Eating out alone"
  Liabilities:US:Chase:Slate                       -23.05 USD
  Expenses:Food:Restaurant                          23.05 USD

2013-01-09 * "Jewel of Morroco" | "Eating out with Bill"
  Liabilities:US:Chase:Slate                       -35.28 USD
  Expenses:Food:Restaurant                          35.28 USD

2013-01-09 * "Chase:Slate" | "Paying off credit card"
  Liabilities:US:Chase:Slate                        99.21 USD
  Assets:US:BofA:Checking                          -99.21 USD

2013-01-14 * "Kin Soy" | "Eating out "
  Liabilities:US:Chase:Slate                       -25.84 USD
  Expenses:Food:Restaurant                          25.84 USD

2013-01-15 * "Farmer Fresh" | "Buying groceries"
  Liabilities:US:Chase:Slate                       -82.22 USD
  Expenses:Food:Groceries                           82.22 USD

2013-01-17 * "Jewel of Morroco" | "Eating out with Joe"
  Liabilities:US:Chase:Slate                       -36.73 USD
  Expenses:Food:Restaurant                          36.73 USD

2013-01-21 * "Cafe Modagor" | "Eating out with Bill"
  Liabilities:US:Chase:Slate                       -28.11 USD
  Expenses:Food:Restaurant                          28.11 USD

2013-01-21 * "Onion Market" | "Buying groceries"
  Liabilities:US:Chase:Slate                       -73.58 USD
  Expenses:Food:Groceries                           73.58 USD

2013-01-22 * "Chichipotle" | "Eating out alone"
  Liabilities:US:Chase:Slate                       -21.12 USD
  Expenses:Food:Restaurant                          21.12 USD

2013-01-24 * "Chichipotle" | "Eating out after work"
  Liabilities:US:Chase:Slate                       -41.63 USD
  Expenses:Food:Restaurant                          41.63 USD

2013-01-26 balance Liabilities:US:Chase:Slate     -309.23 USD

2013-01-27 * "Good Moods Market" | "Buying groceries"
  Liabilities:US:Chase:Slate                       -85.50 USD
  Expenses:Food:Groceries                           85.50 USD

2013-01-29 * "Cafe Modagor" | "Eating out "
  Liabilities:US:Chase:Slate                       -18.89 USD
  Expenses:Food:Restaurant                          18.89 USD

2013-01-31 * "Chichipotle" | "Eating out with Joe"
  Liabilities:US:Chase:Slate                       -12.94 USD
  Expenses:Food:Restaurant                          12.94 USD

2013-01-31 * "Metro Transport Authority" | "Tram tickets"
  Liabilities:US:Chase:Slate                      -120.00 USD
  Expenses:Transport:Tram                          120.00 USD

2013-02-02 * "Uncle Boons" | "Eating out with Bill"
  Liabilities:US:Chase:Slate                       -16.37 USD
  Expenses:Food:Restaurant                          16.37 USD

2013-02-06 * "Kin Soy" | "Eating out alone"
  Liabilities:US:Chase:Slate                       -39.36 USD
  Expenses:Food:Restaurant                          39.36 USD

2013-02-09 * "Rose Flower" | "Eating out with Joe"
  Liabilities:US:Chase:Slate                       -32.95 USD
  Expenses:Food:Restaurant                          32.95 USD

2013-02-10 * "Chase:Slate" | "Paying off credit card"
  Liabilities:US:Chase:Slate                       650.97 USD
  Assets:US:BofA:Checking                         -650.97 USD

2013-02-12 * "Chichipotle" | "Eating out with Natasha"
  Liabilities:US:Chase:Slate                       -15.73 USD
  Expenses:Food:Restaurant                          15.73 USD

2013-02-15 * "Cafe Modagor" | "Eating out with Joe"
  Liabilities:US:Chase:Slate                       -13.61 USD
  Expenses:Food:Restaurant                          13.61 USD

2013-02-16 * "Cafe Modagor" | "Eating out with Julie"
  Liabilities:US:Chase:Slate                       -40.20 USD
  Expenses:Food:Restaurant                          40.20 USD

2013-02-16 * "Good Moods Market" | "Buying groceries"
  Liabilities:US:Chase:Slate                       -94.09 USD
  Expenses:Food:Groceries                           94.09 USD

2013-02-18 * "Kin Soy" | "Eating out with Natasha"
  Liabilities:US:Chase:Slate                       -25.19 USD
  Expenses:Food:Restaurant                          25.19 USD

2013-02-22 * "Uncle Boons" | "Eating out "
  Liabilities:US:Chase:Slate                       -60.08 USD
  Expenses:Food:Restaurant                          60.08 USD

2013-02-24 balance Liabilities:US:Chase:Slate     -233.17 USD

2013-02-24 * "Farmer Fresh" | "Buying groceries"
  Liabilities:US:Chase:Slate                       -92.12 USD
  Expenses:Food:Groceries                           92.12 USD

2013-02-25 * "Cafe Modagor" | "Eating out alone"
  Liabilities:US:Chase:Slate                       -31.70 USD
  Expenses:Food:Restaurant                          31.70 USD

2013-03-01 * "China Garden" | "Eating out "
  Liabilities:US:Chase:Slate                       -32.29 USD
  Expenses:Food:Restaurant                          32.29 USD

2013-03-04 * "Metro Transport Authority" | "Tram tickets"
  Liabilities:US:Chase:Slate                      -120.00 USD
  Expenses:Transport:Tram                          120.00 USD

2013-03-05 * "China Garden" | "Eating out "
  Liabilities:US:Chase:Slate                       -20.44 USD
  Expenses:Food:Restaurant                          20.44 USD

2013-03-06 * "Rose Flower" | "Eating out with Julie"
  Liabilities:US:Chase:Slate                       -28.67 USD
  Expenses:Food:Restaurant                          28.67 USD

2013-03-07 * "Cafe Modagor" | "Eating out with Natasha"
  Liabilities:US:Chase:Slate                       -25.43 USD
  Expenses:Food:Restaurant                          25.43 USD

2013-03-07 * "Chase:Slate" | "Paying off credit card"
  Liabilities:US:Chase:Slate                       583.82 USD
  Assets:US:BofA:Checking                         -583.82 USD

2013-03-11 * "Goba Goba" | "Eating out with work buddies"
  Liabilities:US:Chase:Slate                       -71.20 USD
  Expenses:Food:Restaurant                          71.20 USD

2013-03-13 * "Jewel of Morroco" | "Eating out with Bill"
  Liabilities:US:Chase:Slate                       -18.03 USD
  Expenses:Food:Restaurant                          18.03 USD

2013-03-14 * "Good Moods Market" | "Buying groceries"
  Liabilities:US:Chase:Slate                       -55.88 USD
  Expenses:Food:Groceries                           55.88 USD

2013-03-16 * "Goba Goba" | "Eating out "
  Liabilities:US:Chase:Slate                       -17.66 USD
  Expenses:Food:Restaurant                          17.66 USD

2013-03-18 * "Chichipotle" | "Eating out after work"
  Liabilities:US:Chase:Slate                       -30.58 USD
  Expenses:Food:Restaurant                          30.58 USD

2013-03-22 balance Liabilities:US:Chase:Slate     -193.35 USD

2013-03-22 * "Kin Soy" | "Eating out "
  Liabilities:US:Chase:Slate                       -27.16 USD
  Expenses:Food:Restaurant                          27.16 USD

2013-03-22 * "Good Moods Market" | "Buying groceries"
  Liabilities:US:Chase:Slate                       -61.71 USD
  Expenses:Food:Groceries                           61.71 USD

2013-03-24 * "Rose Flower" | "Eating out with Julie"
  Liabilities:US:Chase:Slate                       -31.96 USD
  Expenses:Food:Restaurant                          31.96 USD

2013-03-25 * "Goba Goba" | "Eating out with Julie"
  Liabilities:US:Chase:Slate                       -45.00 USD
  Expenses:Food:Restaurant                          45.00 USD

2013-03-29 * "Farmer Fresh" | "Buying groceries"
  Liabilities:US:Chase:Slate                      -100.89 USD
  Expenses:Food:Groceries                          100.89 USD

2013-03-30 * "Uncle Boons" | "Eating out after work"
  Liabilities:US:Chase:Slate                       -25.71 USD
  Expenses:Food:Restaurant                          25.71 USD

2013-04-02 * "Metro Transport Authority" | "Tram tickets"
  Liabilities:US:Chase:Slate                      -120.00 USD
  Expenses:Transport:Tram                          120.00 USD

2013-04-03 * "Jewel of Morroco" | "Eating out "
  Liabilities:US:Chase:Slate                       -27.73 USD
  Expenses:Food:Restaurant                          27.73 USD

2013-04-07 * "Uncle Boons" | "Eating out with Joe"
  Liabilities:US:Chase:Slate                       -21.67 USD
  Expenses:Food:Restaurant                          21.67 USD

2013-04-08 * "Rose Flower" | "Eating out with Bill"
  Liabilities:US:Chase:Slate                       -18.59 USD
  Expenses:Food:Restaurant                          18.59 USD

2013-04-09 * "Jewel of Morroco" | "Eating out with Julie"
  Liabilities:US:Chase:Slate                       -56.00 USD
  Expenses:Food:Restaurant                          56.00 USD

2013-04-11 * "Chase:Slate" | "Paying off credit card"
  Liabilities:US:Chase:Slate                       747.16 USD
  Assets:US:BofA:Checking                         -747.16 USD

2013-04-13 * "Cafe Modagor" | "Eating out after work"
  Liabilities:US:Chase:Slate                       -17.39 USD
  Expenses:Food:Restaurant                          17.39 USD

2013-04-14 * "Farmer Fresh" | "Buying groceries"
  Liabilities:US:Chase:Slate                       -81.54 USD
  Expenses:Food:Groceries                           81.54 USD

2013-04-16 * "Rose Flower" | "Eating out with Joe"
  Liabilities:US:Chase:Slate                       -37.93 USD
  Expenses:Food:Restaurant                          37.93 USD

2013-04-18 balance Liabilities:US:Chase:Slate     -119.47 USD

2013-04-18 * "China Garden" | "Eating out with Julie"
  Liabilities:US:Chase:Slate                       -26.73 USD
  Expenses:Food:Restaurant                          26.73 USD

2013-04-20 * "Uncle Boons" | "Eating out alone"
  Liabilities:US:Chase:Slate                       -15.84 USD
  Expenses:Food:Restaurant                          15.84 USD

2013-04-23 * "Rose Flower" | "Eating out with work buddies"
  Liabilities:US:Chase:Slate                       -27.22 USD
  Expenses:Food:Restaurant                          27.22 USD

2013-04-28 * "Rose Flower" | "Eating out alone"
  Liabilities:US:Chase:Slate                       -17.28 USD
  Expenses:Food:Restaurant                          17.28 USD

2013-04-28 * "Farmer Fresh" | "Buying groceries"
  Liabilities:US:Chase:Slate                       -54.79 USD
  Expenses:Food:Groceries                           54.79 USD

2013-05-02 * "Kin Soy" | "Eating out with Natasha"
  Liabilities:US:Chase:Slate                       -29.08 USD
  Expenses:Food:Restaurant                          29.08 USD

2013-05-02 * "Metro Transport Authority" | "Tram tickets"
  Liabilities:US:Chase:Slate                      -120.00 USD
  Expenses:Transport:Tram                          120.00 USD

2013-05-04 * "Cafe Modagor" | "Eating out alone"
  Liabilities:US:Chase:Slate                       -14.31 USD
  Expenses:Food:Restaurant                          14.31 USD

2013-05-09 * "Goba Goba" | "Eating out with Julie"
  Liabilities:US:Chase:Slate                       -84.76 USD
  Expenses:Food:Restaurant                          84.76 USD

2013-05-10 balance Liabilities:US:Chase:Slate     -509.48 USD

2013-05-11 * "Chase:Slate" | "Paying off credit card"
  Liabilities:US:Chase:Slate                       533.14 USD
  Assets:US:BofA:Checking                         -533.14 USD

2013-05-13 * "Cafe Modagor" | "Eating out with work buddies"
  Liabilities:US:Chase:Slate                       -23.66 USD
  Expenses:Food:Restaurant                          23.66 USD

2013-05-14 * "Good Moods Market" | "Buying groceries"
  Liabilities:US:Chase:Slate                       -80.20 USD
  Expenses:Food:Groceries                           80.20 USD

2013-05-18 * "Chichipotle" | "Eating out "
  Liabilities:US:Chase:Slate                       -31.09 USD
  Expenses:Food:Restaurant                          31.09 USD

2013-05-23 * "Cafe Modagor" | "Eating out with Natasha"
  Liabilities:US:Chase:Slate                       -34.11 USD
  Expenses:Food:Restaurant                          34.11 USD

2013-05-25 * "Rose Flower" | "Eating out alone"
  Liabilities:US:Chase:Slate                       -37.22 USD
  Expenses:Food:Restaurant                          37.22 USD

2013-05-26 * "China Garden" | "Eating out with Julie"
  Liabilities:US:Chase:Slate                       -14.29 USD
  Expenses:Food:Restaurant                          14.29 USD

2013-05-27 * "Good Moods Market" | "Buying groceries"
  Liabilities:US:Chase:Slate                      -113.81 USD
  Expenses:Food:Groceries                          113.81 USD

2013-05-31 * "Cafe Modagor" | "Eating out with work buddies"
  Liabilities:US:Chase:Slate                       -34.63 USD
  Expenses:Food:Restaurant                          34.63 USD

2013-06-03 * "Goba Goba" | "Eating out with Bill"
  Liabilities:US:Chase:Slate                       -18.22 USD
  Expenses:Food:Restaurant                          18.22 USD

2013-06-04 balance Liabilities:US:Chase:Slate     -363.57 USD

2013-06-04 * "Rose Flower" | "Eating out with Bill"
  Liabilities:US:Chase:Slate                       -31.70 USD
  Expenses:Food:Restaurant                          31.70 USD

2013-06-04 * "Metro Transport Authority" | "Tram tickets"
  Liabilities:US:Chase:Slate                      -120.00 USD
  Expenses:Transport:Tram                          120.00 USD

2013-06-06 * "Good Moods Market" | "Buying groceries"
  Liabilities:US:Chase:Slate                       -57.01 USD
  Expenses:Food:Groceries                           57.01 USD

2013-06-08 * "Goba Goba" | "Eating out with Julie"
  Liabilities:US:Chase:Slate                       -22.42 USD
  Expenses:Food:Restaurant                          22.42 USD

2013-06-09 * "Chase:Slate" | "Paying off credit card"
  Liabilities:US:Chase:Slate                       629.87 USD
  Assets:US:BofA:Checking                         -629.87 USD

2013-06-12 * "Kin Soy" | "Eating out with Bill"
  Liabilities:US:Chase:Slate                       -35.17 USD
  Expenses:Food:Restaurant                          35.17 USD

2013-06-14 * "Goba Goba" | "Eating out "
  Liabilities:US:Chase:Slate                       -39.68 USD
  Expenses:Food:Restaurant                          39.68 USD

2013-06-15 * "China Garden" | "Eating out "
  Liabilities:US:Chase:Slate                       -32.59 USD
  Expenses:Food:Restaurant                          32.59 USD

2013-06-18 event "location" "San Francisco"

2013-06-19 * "Bar Crudo" | "" #trip-san-francisco-2013
  Liabilities:US:Chase:Slate                       -72.98 USD
  Expenses:Food:Restaurant                          72.98 USD

2013-06-19 * "Waterbar" | "" #trip-san-francisco-2013
  Liabilities:US:Chase:Slate                       -52.03 USD
  Expenses:Food:Restaurant                          52.03 USD

2013-06-19 * "Starbucks" | "" #trip-san-francisco-2013
  Liabilities:US:Chase:Slate                        -5.98 USD
  Expenses:Food:Coffee                               5.98 USD

2013-06-20 * "Pizza Delfina" | "" #trip-san-francisco-2013
  Liabilities:US:Chase:Slate                       -17.65 USD
  Expenses:Food:Restaurant                          17.65 USD

2013-06-20 * "Mission Chinese Food" | "" #trip-san-francisco-2013
  Liabilities:US:Chase:Slate                       -30.97 USD
  Expenses:Food:Restaurant                          30.97 USD

2013-06-22 * "Pizza Delfina" | "" #trip-san-francisco-2013
  Liabilities:US:Chase:Slate                       -15.34 USD
  Expenses:Food:Restaurant                          15.34 USD

2013-06-23 * "Mission Chinese Food" | "" #trip-san-francisco-2013
  Liabilities:US:Chase:Slate                       -34.37 USD
  Expenses:Food:Restaurant                          34.37 USD

2013-06-23 * "Starbucks" | "" #trip-san-francisco-2013
  Liabilities:US:Chase:Slate                        -6.95 USD
  Expenses:Food:Coffee                               6.95 USD

2013-06-25 balance Liabilities:US:Chase:Slate     -308.54 USD

2013-06-25 * "Starbucks" | "" #trip-san-francisco-2013
  Liabilities:US:Chase:Slate                        -5.58 USD
  Expenses:Food:Coffee                               5.58 USD

2013-06-26 * "Bar Crudo" | "" #trip-san-francisco-2013
  Liabilities:US:Chase:Slate                       -65.04 USD
  Expenses:Food:Restaurant                          65.04 USD

2013-06-27 * "Pizza Delfina" | "" #trip-san-francisco-2013
  Liabilities:US:Chase:Slate                       -21.25 USD
  Expenses:Food:Restaurant                          21.25 USD

2013-06-28 * "Mission Chinese Food" | "" #trip-san-francisco-2013
  Liabilities:US:Chase:Slate                       -13.47 USD
  Expenses:Food:Restaurant                          13.47 USD

2013-06-28 * "Starbucks" | "" #trip-san-francisco-2013
  Liabilities:US:Chase:Slate                        -6.77 USD
  Expenses:Food:Coffee                               6.77 USD

2013-06-29 * "Waterbar" | "" #trip-san-francisco-2013
  Liabilities:US:Chase:Slate                       -41.50 USD
  Expenses:Food:Restaurant                          41.50 USD

2013-06-30 * "Pizza Delfina" | "" #trip-san-francisco-2013
  Liabilities:US:Chase:Slate                       -21.61 USD
  Expenses:Food:Restaurant                          21.61 USD

2013-06-30 * "Waterbar" | "" #trip-san-francisco-2013
  Liabilities:US:Chase:Slate                       -51.85 USD
  Expenses:Food:Restaurant                          51.85 USD

2013-07-01 * "Bar Crudo" | "" #trip-san-francisco-2013
  Liabilities:US:Chase:Slate                       -77.54 USD
  Expenses:Food:Restaurant                          77.54 USD

2013-07-03 * "Mission Chinese Food" | "" #trip-san-francisco-2013
  Liabilities:US:Chase:Slate                       -18.54 USD
  Expenses:Food:Restaurant                          18.54 USD

2013-07-03 * "Starbucks" | "" #trip-san-francisco-2013
  Liabilities:US:Chase:Slate                        -5.73 USD
  Expenses:Food:Coffee                               5.73 USD

2013-07-04 * "Farmer Fresh" | "Buying groceries"
  Liabilities:US:Chase:Slate                       -55.39 USD
  Expenses:Food:Groceries                           55.39 USD

2013-07-04 * "Pizza Delfina" | "" #trip-san-francisco-2013
  Liabilities:US:Chase:Slate                       -19.67 USD
  Expenses:Food:Restaurant                          19.67 USD

2013-07-04 * "Starbucks" | "" #trip-san-francisco-2013
  Liabilities:US:Chase:Slate                        -7.20 USD
  Expenses:Food:Coffee                               7.20 USD

2013-07-04 * "Consume vacation days"
  Assets:US:Hoogle:Vacation                          -128 VACHR
  Expenses:Vacation                                   128 VACHR

2013-07-04 event "location" "New Metropolis"

2013-07-07 * "Goba Goba" | "Eating out after work"
  Liabilities:US:Chase:Slate                       -28.78 USD
  Expenses:Food:Restaurant                          28.78 USD

2013-07-09 * "Chase:Slate" | "Paying off credit card"
  Liabilities:US:Chase:Slate                       182.57 USD
  Assets:US:BofA:Checking                         -182.57 USD

2013-07-11 * "Chichipotle" | "Eating out with Joe"
  Liabilities:US:Chase:Slate                       -26.13 USD
  Expenses:Food:Restaurant                          26.13 USD

2013-07-13 * "Onion Market" | "Buying groceries"
  Liabilities:US:Chase:Slate                       -87.33 USD
  Expenses:Food:Groceries                           87.33 USD

2013-07-16 * "Goba Goba" | "Eating out with Joe"
  Liabilities:US:Chase:Slate                       -49.27 USD
  Expenses:Food:Restaurant                          49.27 USD

2013-07-18 balance Liabilities:US:Chase:Slate     -728.62 USD

2013-07-21 * "Cafe Modagor" | "Eating out after work"
  Liabilities:US:Chase:Slate                       -31.11 USD
  Expenses:Food:Restaurant                          31.11 USD

2013-07-23 * "Goba Goba" | "Eating out with Natasha"
  Liabilities:US:Chase:Slate                       -38.77 USD
  Expenses:Food:Restaurant                          38.77 USD

2013-07-25 * "Corner Deli" | "Buying groceries"
  Liabilities:US:Chase:Slate                       -71.63 USD
  Expenses:Food:Groceries                           71.63 USD

2013-07-27 * "Chichipotle" | "Eating out with Bill"
  Liabilities:US:Chase:Slate                       -62.86 USD
  Expenses:Food:Restaurant                          62.86 USD

2013-08-01 * "Rose Flower" | "Eating out with Joe"
  Liabilities:US:Chase:Slate                       -32.99 USD
  Expenses:Food:Restaurant                          32.99 USD

2013-08-04 * "Metro Transport Authority" | "Tram tickets"
  Liabilities:US:Chase:Slate                      -120.00 USD
  Expenses:Transport:Tram                          120.00 USD

2013-08-05 * "Chichipotle" | "Eating out with Julie"
  Liabilities:US:Chase:Slate                       -20.04 USD
  Expenses:Food:Restaurant                          20.04 USD

2013-08-09 * "Chase:Slate" | "Paying off credit card"
  Liabilities:US:Chase:Slate                       534.53 USD
  Assets:US:BofA:Checking                         -534.53 USD

2013-08-10 * "China Garden" | "Eating out with work buddies"
  Liabilities:US:Chase:Slate                       -20.53 USD
  Expenses:Food:Restaurant                          20.53 USD

2013-08-11 * "Good Moods Market" | "Buying groceries"
  Liabilities:US:Chase:Slate                       -82.16 USD
  Expenses:Food:Groceries                           82.16 USD

2013-08-12 balance Liabilities:US:Chase:Slate     -674.18 USD

2013-08-14 * "Rose Flower" | "Eating out with work buddies"
  Liabilities:US:Chase:Slate                       -30.90 USD
  Expenses:Food:Restaurant                          30.90 USD

2013-08-15 * "China Garden" | "Eating out "
  Liabilities:US:Chase:Slate                       -26.87 USD
  Expenses:Food:Restaurant                          26.87 USD

2013-08-16 * "Kin Soy" | "Eating out after work"
  Liabilities:US:Chase:Slate                       -38.70 USD
  Expenses:Food:Restaurant                          38.70 USD

2013-08-20 * "Kin Soy" | "Eating out after work"
  Liabilities:US:Chase:Slate                       -18.82 USD
  Expenses:Food:Restaurant                          18.82 USD

2013-08-22 * "Rose Flower" | "Eating out with Bill"
  Liabilities:US:Chase:Slate                       -18.82 USD
  Expenses:Food:Restaurant                          18.82 USD

2013-08-25 * "Chichipotle" | "Eating out alone"
  Liabilities:US:Chase:Slate                       -23.27 USD
  Expenses:Food:Restaurant                          23.27 USD

2013-08-28 * "Corner Deli" | "Buying groceries"
  Liabilities:US:Chase:Slate                       -86.26 USD
  Expenses:Food:Groceries                           86.26 USD

2013-08-30 * "Rose Flower" | "Eating out "
  Liabilities:US:Chase:Slate                       -28.31 USD
  Expenses:Food:Restaurant                          28.31 USD

2013-08-31 * "Metro Transport Authority" | "Tram tickets"
  Liabilities:US:Chase:Slate                      -120.00 USD
  Expenses:Transport:Tram                          120.00 USD

2013-09-01 * "Kin Soy" | "Eating out with Natasha"
  Liabilities:US:Chase:Slate                       -42.10 USD
  Expenses:Food:Restaurant                          42.10 USD

2013-09-03 * "Corner Deli" | "Buying groceries"
  Liabilities:US:Chase:Slate                       -92.97 USD
  Expenses:Food:Groceries                           92.97 USD

2013-09-06 * "Goba Goba" | "Eating out with Natasha"
  Liabilities:US:Chase:Slate                       -45.68 USD
  Expenses:Food:Restaurant                          45.68 USD

2013-09-08 * "Jewel of Morroco" | "Eating out alone"
  Liabilities:US:Chase:Slate                       -77.57 USD
  Expenses:Food:Restaurant                          77.57 USD

2013-09-11 balance Liabilities:US:Chase:Slate    -1324.45 USD

2013-09-11 * "China Garden" | "Eating out after work"
  Liabilities:US:Chase:Slate                       -24.42 USD
  Expenses:Food:Restaurant                          24.42 USD

2013-09-11 * "Chase:Slate" | "Paying off credit card"
  Liabilities:US:Chase:Slate                       756.85 USD
  Assets:US:BofA:Checking                         -756.85 USD

2013-09-13 * "Rose Flower" | "Eating out with Bill"
  Liabilities:US:Chase:Slate                       -38.58 USD
  Expenses:Food:Restaurant                          38.58 USD

2013-09-18 * "Jewel of Morroco" | "Eating out with Julie"
  Liabilities:US:Chase:Slate                       -25.81 USD
  Expenses:Food:Restaurant                          25.81 USD

2013-09-19 * "Chichipotle" | "Eating out with Joe"
  Liabilities:US:Chase:Slate                       -22.34 USD
  Expenses:Food:Restaurant                          22.34 USD

2013-09-21 * "Jewel of Morroco" | "Eating out with Natasha"
  Liabilities:US:Chase:Slate                       -32.04 USD
  Expenses:Food:Restaurant                          32.04 USD

2013-09-21 * "Onion Market" | "Buying groceries"
  Liabilities:US:Chase:Slate                       -90.72 USD
  Expenses:Food:Groceries                           90.72 USD

2013-09-26 * "Cafe Modagor" | "Eating out with Julie"
  Liabilities:US:Chase:Slate                       -26.06 USD
  Expenses:Food:Restaurant                          26.06 USD

2013-09-28 * "Jewel of Morroco" | "Eating out with work buddies"
  Liabilities:US:Chase:Slate                       -28.70 USD
  Expenses:Food:Restaurant                          28.70 USD

2013-09-28 * "Metro Transport Authority" | "Tram tickets"
  Liabilities:US:Chase:Slate                      -120.00 USD
  Expenses:Transport:Tram                          120.00 USD

2013-10-01 * "China Garden" | "Eating out with Natasha"
  Liabilities:US:Chase:Slate                       -25.05 USD
  Expenses:Food:Restaurant                          25.05 USD

2013-10-01 * "Onion Market" | "Buying groceries"
  Liabilities:US:Chase:Slate                       -79.28 USD
  Expenses:Food:Groceries                           79.28 USD

2013-10-04 * "Jewel of Morroco" | "Eating out alone"
  Liabilities:US:Chase:Slate                       -14.46 USD
  Expenses:Food:Restaurant                          14.46 USD

2013-10-05 * "Goba Goba" | "Eating out with work buddies"
  Liabilities:US:Chase:Slate                       -32.80 USD
  Expenses:Food:Restaurant                          32.80 USD

2013-10-06 balance Liabilities:US:Chase:Slate    -1127.86 USD

2013-10-08 * "Goba Goba" | "Eating out with Joe"
  Liabilities:US:Chase:Slate                       -43.52 USD
  Expenses:Food:Restaurant                          43.52 USD

2013-10-09 * "Cafe Modagor" | "Eating out with Julie"
  Liabilities:US:Chase:Slate                       -32.18 USD
  Expenses:Food:Restaurant                          32.18 USD

2013-10-09 * "Chase:Slate" | "Paying off credit card"
  Liabilities:US:Chase:Slate                       611.54 USD
  Assets:US:BofA:Checking                         -611.54 USD

2013-10-10 * "Rose Flower" | "Eating out after work"
  Liabilities:US:Chase:Slate                       -37.59 USD
  Expenses:Food:Restaurant                          37.59 USD

2013-10-14 * "Goba Goba" | "Eating out alone"
  Liabilities:US:Chase:Slate                       -38.68 USD
  Expenses:Food:Restaurant                          38.68 USD

2013-10-17 * "Chichipotle" | "Eating out with Joe"
  Liabilities:US:Chase:Slate                       -30.29 USD
  Expenses:Food:Restaurant                          30.29 USD

2013-10-19 * "Corner Deli" | "Buying groceries"
  Liabilities:US:Chase:Slate                       -58.34 USD
  Expenses:Food:Groceries                           58.34 USD

2013-10-22 * "Jewel of Morroco" | "Eating out with Bill"
  Liabilities:US:Chase:Slate                       -14.70 USD
  Expenses:Food:Restaurant                          14.70 USD

2013-10-24 * "Good Moods Market" | "Buying groceries"
  Liabilities:US:Chase:Slate                       -39.85 USD
  Expenses:Food:Groceries                           39.85 USD

2013-10-25 * "Kin Soy" | "Eating out with work buddies"
  Liabilities:US:Chase:Slate                       -21.07 USD
  Expenses:Food:Restaurant                          21.07 USD

2013-10-28 * "Chichipotle" | "Eating out with Bill"
  Liabilities:US:Chase:Slate                       -36.16 USD
  Expenses:Food:Restaurant                          36.16 USD

2013-10-29 balance Liabilities:US:Chase:Slate     -868.70 USD

2013-10-30 * "Farmer Fresh" | "Buying groceries"
  Liabilities:US:Chase:Slate                      -103.81 USD
  Expenses:Food:Groceries                          103.81 USD

2013-10-31 * "Metro Transport Authority" | "Tram tickets"
  Liabilities:US:Chase:Slate                      -120.00 USD
  Expenses:Transport:Tram                          120.00 USD

2013-11-01 * "Goba Goba" | "Eating out with Joe"
  Liabilities:US:Chase:Slate                       -31.17 USD
  Expenses:Food:Restaurant                          31.17 USD

2013-11-04 * "Chichipotle" | "Eating out with Bill"
  Liabilities:US:Chase:Slate                       -36.28 USD
  Expenses:Food:Restaurant                          36.28 USD

2013-11-07 * "Cafe Modagor" | "Eating out with Natasha"
  Liabilities:US:Chase:Slate                       -16.43 USD
  Expenses:Food:Restaurant                          16.43 USD

2013-11-07 * "Chase:Slate" | "Paying off credit card"
  Liabilities:US:Chase:Slate                       584.37 USD
  Assets:US:BofA:Checking                         -584.37 USD

2013-11-11 * "Jewel of Morroco" | "Eating out after work"
  Liabilities:US:Chase:Slate                       -35.70 USD
  Expenses:Food:Restaurant                          35.70 USD

2013-11-12 * "Kin Soy" | "Eating out with Joe"
  Liabilities:US:Chase:Slate                       -23.31 USD
  Expenses:Food:Restaurant                          23.31 USD

2013-11-16 * "Rose Flower" | "Eating out with Bill"
  Liabilities:US:Chase:Slate                       -41.97 USD
  Expenses:Food:Restaurant                          41.97 USD

2013-11-18 balance Liabilities:US:Chase:Slate     -693.00 USD

2013-11-18 * "Onion Market" | "Buying groceries"
  Liabilities:US:Chase:Slate                      -110.10 USD
  Expenses:Food:Groceries                          110.10 USD

2013-11-19 * "Uncle Boons" | "Eating out with work buddies"
  Liabilities:US:Chase:Slate                       -26.76 USD
  Expenses:Food:Restaurant                          26.76 USD

2013-11-24 * "Rose Flower" | "Eating out "
  Liabilities:US:Chase:Slate                       -46.79 USD
  Expenses:Food:Restaurant                          46.79 USD

2013-11-27 * "Cafe Modagor" | "Eating out with Natasha"
  Liabilities:US:Chase:Slate                       -21.11 USD
  Expenses:Food:Restaurant                          21.11 USD

2013-11-28 * "Rose Flower" | "Eating out after work"
  Liabilities:US:Chase:Slate                       -26.45 USD
  Expenses:Food:Restaurant                          26.45 USD

2013-12-02 * "Chichipotle" | "Eating out with Natasha"
  Liabilities:US:Chase:Slate                       -66.52 USD
  Expenses:Food:Restaurant                          66.52 USD

2013-12-02 * "Metro Transport Authority" | "Tram tickets"
  Liabilities:US:Chase:Slate                      -120.00 USD
  Expenses:Transport:Tram                          120.00 USD

2013-12-03 * "Rose Flower" | "Eating out with Natasha"
  Liabilities:US:Chase:Slate                       -31.27 USD
  Expenses:Food:Restaurant                          31.27 USD

2013-12-04 * "Uncle Boons" | "Eating out with Joe"
  Liabilities:US:Chase:Slate                       -29.39 USD
  Expenses:Food:Restaurant                          29.39 USD

2013-12-05 * "Goba Goba" | "Eating out with Bill"
  Liabilities:US:Chase:Slate                       -27.10 USD
  Expenses:Food:Restaurant                          27.10 USD

2013-12-06 * "Farmer Fresh" | "Buying groceries"
  Liabilities:US:Chase:Slate                       -71.10 USD
  Expenses:Food:Groceries                           71.10 USD

2013-12-07 * "China Garden" | "Eating out with Joe"
  Liabilities:US:Chase:Slate                       -37.80 USD
  Expenses:Food:Restaurant                          37.80 USD

2013-12-09 * "Chase:Slate" | "Paying off credit card"
  Liabilities:US:Chase:Slate                       742.74 USD
  Assets:US:BofA:Checking                         -742.74 USD

2013-12-11 * "Uncle Boons" | "Eating out after work"
  Liabilities:US:Chase:Slate                       -27.37 USD
  Expenses:Food:Restaurant                          27.37 USD

2013-12-11 * "Farmer Fresh" | "Buying groceries"
  Liabilities:US:Chase:Slate                       -88.59 USD
  Expenses:Food:Groceries                           88.59 USD

2013-12-13 balance Liabilities:US:Chase:Slate     -680.61 USD

2013-12-13 * "Jewel of Morroco" | "Eating out "
  Liabilities:US:Chase:Slate                       -49.49 USD
  Expenses:Food:Restaurant                          49.49 USD

2013-12-16 * "Rose Flower" | "Eating out with Bill"
  Liabilities:US:Chase:Slate                       -40.65 USD
  Expenses:Food:Restaurant                          40.65 USD

2013-12-21 * "Goba Goba" | "Eating out with Joe"
  Liabilities:US:Chase:Slate                       -17.07 USD
  Expenses:Food:Restaurant                          17.07 USD

2013-12-21 * "Good Moods Market" | "Buying groceries"
  Liabilities:US:Chase:Slate                       -60.90 USD
  Expenses:Food:Groceries                           60.90 USD

2013-12-22 * "Rose Flower" | "Eating out with Natasha"
  Liabilities:US:Chase:Slate                       -47.53 USD
  Expenses:Food:Restaurant                          47.53 USD

2013-12-27 * "Rose Flower" | "Eating out alone"
  Liabilities:US:Chase:Slate                       -42.56 USD
  Expenses:Food:Restaurant                          42.56 USD

2013-12-31 * "Goba Goba" | "Eating out after work"
  Liabilities:US:Chase:Slate                       -34.89 USD
  Expenses:Food:Restaurant                          34.89 USD

2014-01-01 * "Metro Transport Authority" | "Tram tickets"
  Liabilities:US:Chase:Slate                      -120.00 USD
  Expenses:Transport:Tram                          120.00 USD

2014-01-03 * "Farmer Fresh" | "Buying groceries"
  Liabilities:US:Chase:Slate                       -64.62 USD
  Expenses:Food:Groceries                           64.62 USD

2014-01-05 * "Jewel of Morroco" | "Eating out after work"
  Liabilities:US:Chase:Slate                       -21.60 USD
  Expenses:Food:Restaurant                          21.60 USD

2014-01-06 * "Jewel of Morroco" | "Eating out with Julie"
  Liabilities:US:Chase:Slate                       -27.57 USD
  Expenses:Food:Restaurant                          27.57 USD

2014-01-07 * "Chase:Slate" | "Paying off credit card"
  Liabilities:US:Chase:Slate                       636.64 USD
  Assets:US:BofA:Checking                         -636.64 USD

2014-01-10 balance Liabilities:US:Chase:Slate     -570.85 USD

2014-01-10 * "Cafe Modagor" | "Eating out with work buddies"
  Liabilities:US:Chase:Slate                       -21.17 USD
  Expenses:Food:Restaurant                          21.17 USD

2014-01-13 * "Chichipotle" | "Eating out with Julie"
  Liabilities:US:Chase:Slate                       -45.95 USD
  Expenses:Food:Restaurant                          45.95 USD

2014-01-16 * "Cafe Modagor" | "Eating out with Joe"
  Liabilities:US:Chase:Slate                       -18.73 USD
  Expenses:Food:Restaurant                          18.73 USD

2014-01-16 * "Farmer Fresh" | "Buying groceries"
  Liabilities:US:Chase:Slate                       -82.22 USD
  Expenses:Food:Groceries                           82.22 USD

2014-01-18 * "Jewel of Morroco" | "Eating out with Natasha"
  Liabilities:US:Chase:Slate                       -19.65 USD
  Expenses:Food:Restaurant                          19.65 USD

2014-01-22 * "Chichipotle" | "Eating out alone"
  Liabilities:US:Chase:Slate                       -32.71 USD
  Expenses:Food:Restaurant                          32.71 USD

2014-01-24 * "China Garden" | "Eating out with Bill"
  Liabilities:US:Chase:Slate                       -22.16 USD
  Expenses:Food:Restaurant                          22.16 USD

2014-01-26 event "location" "New York"

2014-01-27 * "Laut" | "" #trip-new-york-2014
  Liabilities:US:Chase:Slate                       -32.65 USD
  Expenses:Food:Restaurant                          32.65 USD

2014-01-27 * "Gimme! Coffee" | "" #trip-new-york-2014
  Liabilities:US:Chase:Slate                        -5.16 USD
  Expenses:Food:Coffee                               5.16 USD

2014-01-28 * "Cafe Select" | "" #trip-new-york-2014
  Liabilities:US:Chase:Slate                       -28.35 USD
  Expenses:Food:Restaurant                          28.35 USD

2014-01-28 * "Laut" | "" #trip-new-york-2014
  Liabilities:US:Chase:Slate                       -29.37 USD
  Expenses:Food:Restaurant                          29.37 USD

2014-01-29 * "Uncle Boons" | "" #trip-new-york-2014
  Liabilities:US:Chase:Slate                       -52.75 USD
  Expenses:Food:Restaurant                          52.75 USD

2014-01-29 * "Takahachi" | "" #trip-new-york-2014
  Liabilities:US:Chase:Slate                       -63.39 USD
  Expenses:Food:Restaurant                          63.39 USD

2014-01-30 * "Cafe Select" | "" #trip-new-york-2014
  Liabilities:US:Chase:Slate                       -29.66 USD
  Expenses:Food:Restaurant                          29.66 USD

2014-01-30 * "Gimme! Coffee" | "" #trip-new-york-2014
  Liabilities:US:Chase:Slate                        -6.68 USD
  Expenses:Food:Coffee                               6.68 USD

2014-01-31 * "Uncle Boons" | "" #trip-new-york-2014
  Liabilities:US:Chase:Slate                       -40.42 USD
  Expenses:Food:Restaurant                          40.42 USD

2014-01-31 * "Cafe Select" | "" #trip-new-york-2014
  Liabilities:US:Chase:Slate                       -29.09 USD
  Expenses:Food:Restaurant                          29.09 USD

2014-01-31 * "Laut" | "" #trip-new-york-2014
  Liabilities:US:Chase:Slate                       -30.21 USD
  Expenses:Food:Restaurant                          30.21 USD

2014-01-31 * "La Colombe" | "" #trip-new-york-2014
  Liabilities:US:Chase:Slate                        -6.04 USD
  Expenses:Food:Coffee                               6.04 USD

2014-01-31 * "Gimme! Coffee" | "" #trip-new-york-2014
  Liabilities:US:Chase:Slate                        -4.89 USD
  Expenses:Food:Coffee                               4.89 USD

2014-02-01 * "Cafe Select" | "" #trip-new-york-2014
  Liabilities:US:Chase:Slate                       -33.40 USD
  Expenses:Food:Restaurant                          33.40 USD

2014-02-01 * "La Colombe" | "" #trip-new-york-2014
  Liabilities:US:Chase:Slate                        -5.27 USD
  Expenses:Food:Coffee                               5.27 USD

2014-02-02 * "Takahachi" | "" #trip-new-york-2014
  Liabilities:US:Chase:Slate                       -52.61 USD
  Expenses:Food:Restaurant                          52.61 USD

2014-02-02 * "Gimme! Coffee" | "" #trip-new-york-2014
  Liabilities:US:Chase:Slate                        -7.76 USD
  Expenses:Food:Coffee                               7.76 USD

2014-02-03 * "Cafe Select" | "" #trip-new-york-2014
  Liabilities:US:Chase:Slate                       -28.94 USD
  Expenses:Food:Restaurant                          28.94 USD

2014-02-03 * "Laut" | "" #trip-new-york-2014
  Liabilities:US:Chase:Slate                       -38.48 USD
  Expenses:Food:Restaurant                          38.48 USD

2014-02-04 * "Uncle Boons" | "" #trip-new-york-2014
  Liabilities:US:Chase:Slate                       -41.30 USD
  Expenses:Food:Restaurant                          41.30 USD

2014-02-04 * "La Colombe" | "" #trip-new-york-2014
  Liabilities:US:Chase:Slate                        -5.50 USD
  Expenses:Food:Coffee                               5.50 USD

2014-02-04 * "Gimme! Coffee" | "" #trip-new-york-2014
  Liabilities:US:Chase:Slate                        -7.33 USD
  Expenses:Food:Coffee                               7.33 USD

2014-02-05 * "Cafe Select" | "" #trip-new-york-2014
  Liabilities:US:Chase:Slate                       -32.30 USD
  Expenses:Food:Restaurant                          32.30 USD

2014-02-05 * "Gimme! Coffee" | "" #trip-new-york-2014
  Liabilities:US:Chase:Slate                        -4.03 USD
  Expenses:Food:Coffee                               4.03 USD

2014-02-06 * "Uncle Boons" | "" #trip-new-york-2014
  Liabilities:US:Chase:Slate                       -37.07 USD
  Expenses:Food:Restaurant                          37.07 USD

2014-02-06 * "Takahachi" | "" #trip-new-york-2014
  Liabilities:US:Chase:Slate                       -55.73 USD
  Expenses:Food:Restaurant                          55.73 USD

2014-02-06 * "La Colombe" | "" #trip-new-york-2014
  Liabilities:US:Chase:Slate                        -5.55 USD
  Expenses:Food:Coffee                               5.55 USD

2014-02-06 * "Gimme! Coffee" | "" #trip-new-york-2014
  Liabilities:US:Chase:Slate                        -8.24 USD
  Expenses:Food:Coffee                               8.24 USD

2014-02-07 * "Cafe Select" | "" #trip-new-york-2014
  Liabilities:US:Chase:Slate                       -31.45 USD
  Expenses:Food:Restaurant                          31.45 USD

2014-02-08 * "Gimme! Coffee" | "" #trip-new-york-2014
  Liabilities:US:Chase:Slate                        -7.98 USD
  Expenses:Food:Coffee                               7.98 USD

2014-02-09 balance Liabilities:US:Chase:Slate    -1575.04 USD

2014-02-09 * "Takahachi" | "" #trip-new-york-2014
  Liabilities:US:Chase:Slate                       -48.52 USD
  Expenses:Food:Restaurant                          48.52 USD

2014-02-09 * "Laut" | "" #trip-new-york-2014
  Liabilities:US:Chase:Slate                       -38.57 USD
  Expenses:Food:Restaurant                          38.57 USD

2014-02-09 * "Gimme! Coffee" | "" #trip-new-york-2014
  Liabilities:US:Chase:Slate                        -8.21 USD
  Expenses:Food:Coffee                               8.21 USD

2014-02-10 * "Laut" | "" #trip-new-york-2014
  Liabilities:US:Chase:Slate                       -31.84 USD
  Expenses:Food:Restaurant                          31.84 USD

2014-02-10 * "Chase:Slate" | "Paying off credit card"
  Liabilities:US:Chase:Slate                       260.24 USD
  Assets:US:BofA:Checking                         -260.24 USD

2014-02-11 * "Laut" | "" #trip-new-york-2014
  Liabilities:US:Chase:Slate                       -34.80 USD
  Expenses:Food:Restaurant                          34.80 USD

2014-02-11 * "La Colombe" | "" #trip-new-york-2014
  Liabilities:US:Chase:Slate                        -7.38 USD
  Expenses:Food:Coffee                               7.38 USD

2014-02-12 * "Laut" | "" #trip-new-york-2014
  Liabilities:US:Chase:Slate                       -29.45 USD
  Expenses:Food:Restaurant                          29.45 USD

2014-02-12 * "Gimme! Coffee" | "" #trip-new-york-2014
  Liabilities:US:Chase:Slate                        -5.36 USD
  Expenses:Food:Coffee                               5.36 USD

2014-02-13 * "Laut" | "" #trip-new-york-2014
  Liabilities:US:Chase:Slate                       -32.24 USD
  Expenses:Food:Restaurant                          32.24 USD

2014-02-13 * "La Colombe" | "" #trip-new-york-2014
  Liabilities:US:Chase:Slate                        -7.42 USD
  Expenses:Food:Coffee                               7.42 USD

2014-02-14 * "Cafe Select" | "" #trip-new-york-2014
  Liabilities:US:Chase:Slate                       -31.18 USD
  Expenses:Food:Restaurant                          31.18 USD

2014-02-14 * "Takahachi" | "" #trip-new-york-2014
  Liabilities:US:Chase:Slate                       -51.28 USD
  Expenses:Food:Restaurant                          51.28 USD

2014-02-14 * "La Colombe" | "" #trip-new-york-2014
  Liabilities:US:Chase:Slate                        -6.21 USD
  Expenses:Food:Coffee                               6.21 USD

2014-02-15 * "Laut" | "" #trip-new-york-2014
  Liabilities:US:Chase:Slate                       -22.22 USD
  Expenses:Food:Restaurant                          22.22 USD

2014-02-15 * "La Colombe" | "" #trip-new-york-2014
  Liabilities:US:Chase:Slate                        -6.96 USD
  Expenses:Food:Coffee                               6.96 USD

2014-02-15 * "Consume vacation days"
  Assets:US:Hoogle:Vacation                          -160 VACHR
  Expenses:Vacation                                   160 VACHR

2014-02-15 event "location" "New Metropolis"

2014-02-16 * "China Garden" | "Eating out after work"
  Liabilities:US:Chase:Slate                       -38.82 USD
  Expenses:Food:Restaurant                          38.82 USD

2014-02-18 * "Onion Market" | "Buying groceries"
  Liabilities:US:Chase:Slate                       -93.86 USD
  Expenses:Food:Groceries                           93.86 USD

2014-02-21 * "China Garden" | "Eating out alone"
  Liabilities:US:Chase:Slate                        -9.66 USD
  Expenses:Food:Restaurant                           9.66 USD

2014-02-25 * "Cafe Modagor" | "Eating out with Bill"
  Liabilities:US:Chase:Slate                       -37.65 USD
  Expenses:Food:Restaurant                          37.65 USD

2014-02-27 * "Kin Soy" | "Eating out with Natasha"
  Liabilities:US:Chase:Slate                       -31.20 USD
  Expenses:Food:Restaurant                          31.20 USD

2014-03-02 balance Liabilities:US:Chase:Slate    -1887.63 USD

2014-03-02 * "Cafe Modagor" | "Eating out with Joe"
  Liabilities:US:Chase:Slate                       -42.15 USD
  Expenses:Food:Restaurant                          42.15 USD

2014-03-03 * "China Garden" | "Eating out with Natasha"
  Liabilities:US:Chase:Slate                       -19.72 USD
  Expenses:Food:Restaurant                          19.72 USD

2014-03-04 * "Metro Transport Authority" | "Tram tickets"
  Liabilities:US:Chase:Slate                      -120.00 USD
  Expenses:Transport:Tram                          120.00 USD

2014-03-07 * "Kin Soy" | "Eating out with Bill"
  Liabilities:US:Chase:Slate                       -22.22 USD
  Expenses:Food:Restaurant                          22.22 USD

2014-03-10 * "Good Moods Market" | "Buying groceries"
  Liabilities:US:Chase:Slate                      -119.92 USD
  Expenses:Food:Groceries                          119.92 USD

2014-03-11 * "Chase:Slate" | "Paying off credit card"
  Liabilities:US:Chase:Slate                       538.57 USD
  Assets:US:BofA:Checking                         -538.57 USD

2014-03-12 * "Goba Goba" | "Eating out with Joe"
  Liabilities:US:Chase:Slate                       -42.19 USD
  Expenses:Food:Restaurant                          42.19 USD

2014-03-14 * "Kin Soy" | "Eating out "
  Liabilities:US:Chase:Slate                       -51.76 USD
  Expenses:Food:Restaurant                          51.76 USD

2014-03-18 * "Goba Goba" | "Eating out "
  Liabilities:US:Chase:Slate                       -20.16 USD
  Expenses:Food:Restaurant                          20.16 USD

2014-03-23 * "Jewel of Morroco" | "Eating out after work"
  Liabilities:US:Chase:Slate                       -18.25 USD
  Expenses:Food:Restaurant                          18.25 USD

2014-03-25 * "Cafe Modagor" | "Eating out with work buddies"
  Liabilities:US:Chase:Slate                       -30.26 USD
  Expenses:Food:Restaurant                          30.26 USD

2014-03-27 balance Liabilities:US:Chase:Slate    -1835.69 USD

2014-03-28 * "Onion Market" | "Buying groceries"
  Liabilities:US:Chase:Slate                       -59.38 USD
  Expenses:Food:Groceries                           59.38 USD

2014-03-30 * "Uncle Boons" | "Eating out with Bill"
  Liabilities:US:Chase:Slate                       -29.43 USD
  Expenses:Food:Restaurant                          29.43 USD

2014-04-01 * "Goba Goba" | "Eating out "
  Liabilities:US:Chase:Slate                       -31.04 USD
  Expenses:Food:Restaurant                          31.04 USD

2014-04-02 * "Jewel of Morroco" | "Eating out with Natasha"
  Liabilities:US:Chase:Slate                       -55.56 USD
  Expenses:Food:Restaurant                          55.56 USD

2014-04-02 * "Onion Market" | "Buying groceries"
  Liabilities:US:Chase:Slate                       -76.70 USD
  Expenses:Food:Groceries                           76.70 USD

2014-04-03 * "Metro Transport Authority" | "Tram tickets"
  Liabilities:US:Chase:Slate                      -120.00 USD
  Expenses:Transport:Tram                          120.00 USD

2014-04-05 * "Goba Goba" | "Eating out after work"
  Liabilities:US:Chase:Slate                       -28.07 USD
  Expenses:Food:Restaurant                          28.07 USD

2014-04-06 * "Kin Soy" | "Eating out with Joe"
  Liabilities:US:Chase:Slate                       -38.92 USD
  Expenses:Food:Restaurant                          38.92 USD

2014-04-07 * "Chichipotle" | "Eating out with Natasha"
  Liabilities:US:Chase:Slate                       -53.05 USD
  Expenses:Food:Restaurant                          53.05 USD

2014-04-07 * "Corner Deli" | "Buying groceries"
  Liabilities:US:Chase:Slate                       -78.65 USD
  Expenses:Food:Groceries                           78.65 USD

2014-04-08 * "Chase:Slate" | "Paying off credit card"
  Liabilities:US:Chase:Slate                       732.98 USD
  Assets:US:BofA:Checking                         -732.98 USD

2014-04-11 * "Cafe Modagor" | "Eating out with Joe"
  Liabilities:US:Chase:Slate                       -41.75 USD
  Expenses:Food:Restaurant                          41.75 USD

2014-04-13 * "China Garden" | "Eating out after work"
  Liabilities:US:Chase:Slate                       -25.33 USD
  Expenses:Food:Restaurant                          25.33 USD

2014-04-14 * "China Garden" | "Eating out alone"
  Liabilities:US:Chase:Slate                       -15.06 USD
  Expenses:Food:Restaurant                          15.06 USD

2014-04-16 * "Uncle Boons" | "Eating out alone"
  Liabilities:US:Chase:Slate                       -41.52 USD
  Expenses:Food:Restaurant                          41.52 USD

2014-04-20 balance Liabilities:US:Chase:Slate    -1797.17 USD

2014-04-21 * "Kin Soy" | "Eating out after work"
  Liabilities:US:Chase:Slate                       -26.15 USD
  Expenses:Food:Restaurant                          26.15 USD

2014-04-24 * "Uncle Boons" | "Eating out with Natasha"
  Liabilities:US:Chase:Slate                       -27.86 USD
  Expenses:Food:Restaurant                          27.86 USD

2014-04-27 * "Farmer Fresh" | "Buying groceries"
  Liabilities:US:Chase:Slate                       -81.96 USD
  Expenses:Food:Groceries                           81.96 USD

2014-04-28 * "Jewel of Morroco" | "Eating out "
  Liabilities:US:Chase:Slate                       -25.92 USD
  Expenses:Food:Restaurant                          25.92 USD

2014-05-03 * "Kin Soy" | "Eating out alone"
  Liabilities:US:Chase:Slate                       -19.83 USD
  Expenses:Food:Restaurant                          19.83 USD

2014-05-03 * "Metro Transport Authority" | "Tram tickets"
  Liabilities:US:Chase:Slate                      -120.00 USD
  Expenses:Transport:Tram                          120.00 USD

2014-05-07 * "Corner Deli" | "Buying groceries"
  Liabilities:US:Chase:Slate                      -140.33 USD
  Expenses:Food:Groceries                          140.33 USD

2014-05-08 * "Rose Flower" | "Eating out with Natasha"
  Liabilities:US:Chase:Slate                       -25.28 USD
  Expenses:Food:Restaurant                          25.28 USD

2014-05-09 * "Chase:Slate" | "Paying off credit card"
  Liabilities:US:Chase:Slate                       558.58 USD
  Assets:US:BofA:Checking                         -558.58 USD

2014-05-12 * "Jewel of Morroco" | "Eating out with Joe"
  Liabilities:US:Chase:Slate                        -9.34 USD
  Expenses:Food:Restaurant                           9.34 USD

2014-05-17 * "Kin Soy" | "Eating out after work"
  Liabilities:US:Chase:Slate                       -41.23 USD
  Expenses:Food:Restaurant                          41.23 USD

2014-05-18 * "Good Moods Market" | "Buying groceries"
  Liabilities:US:Chase:Slate                       -72.92 USD
  Expenses:Food:Groceries                           72.92 USD

2014-05-19 balance Liabilities:US:Chase:Slate    -1829.41 USD

2014-05-19 * "Rose Flower" | "Eating out alone"
  Liabilities:US:Chase:Slate                       -26.52 USD
  Expenses:Food:Restaurant                          26.52 USD

2014-05-24 * "Cafe Modagor" | "Eating out "
  Liabilities:US:Chase:Slate                       -91.85 USD
  Expenses:Food:Restaurant                          91.85 USD

2014-05-26 * "Jewel of Morroco" | "Eating out with Natasha"
  Liabilities:US:Chase:Slate                       -49.67 USD
  Expenses:Food:Restaurant                          49.67 USD

2014-05-31 * "Jewel of Morroco" | "Eating out "
  Liabilities:US:Chase:Slate                       -22.37 USD
  Expenses:Food:Restaurant                          22.37 USD

2014-06-01 * "Uncle Boons" | "Eating out with Joe"
  Liabilities:US:Chase:Slate                       -27.91 USD
  Expenses:Food:Restaurant                          27.91 USD

2014-06-04 * "Metro Transport Authority" | "Tram tickets"
  Liabilities:US:Chase:Slate                      -120.00 USD
  Expenses:Transport:Tram                          120.00 USD

2014-06-06 * "Chichipotle" | "Eating out with Bill"
  Liabilities:US:Chase:Slate                       -25.36 USD
  Expenses:Food:Restaurant                          25.36 USD

2014-06-06 * "Good Moods Market" | "Buying groceries"
  Liabilities:US:Chase:Slate                       -79.33 USD
  Expenses:Food:Groceries                           79.33 USD

2014-06-11 * "Cafe Modagor" | "Eating out with work buddies"
  Liabilities:US:Chase:Slate                       -30.48 USD
  Expenses:Food:Restaurant                          30.48 USD

2014-06-11 * "Chase:Slate" | "Paying off credit card"
  Liabilities:US:Chase:Slate                       587.64 USD
  Assets:US:BofA:Checking                         -587.64 USD

2014-06-12 * "Jewel of Morroco" | "Eating out with Julie"
  Liabilities:US:Chase:Slate                       -42.69 USD
  Expenses:Food:Restaurant                          42.69 USD

2014-06-17 * "Cafe Modagor" | "Eating out with Natasha"
  Liabilities:US:Chase:Slate                       -48.80 USD
  Expenses:Food:Restaurant                          48.80 USD

2014-06-18 balance Liabilities:US:Chase:Slate    -1806.75 USD

2014-06-21 * "Goba Goba" | "Eating out alone"
  Liabilities:US:Chase:Slate                       -28.87 USD
  Expenses:Food:Restaurant                          28.87 USD

2014-06-24 * "Kin Soy" | "Eating out "
  Liabilities:US:Chase:Slate                       -24.65 USD
  Expenses:Food:Restaurant                          24.65 USD

2014-06-26 * "Rose Flower" | "Eating out "
  Liabilities:US:Chase:Slate                       -18.92 USD
  Expenses:Food:Restaurant                          18.92 USD

2014-06-26 * "Good Moods Market" | "Buying groceries"
  Liabilities:US:Chase:Slate                       -78.92 USD
  Expenses:Food:Groceries                           78.92 USD

2014-06-27 * "Kin Soy" | "Eating out alone"
  Liabilities:US:Chase:Slate                       -72.40 USD
  Expenses:Food:Restaurant                          72.40 USD

2014-06-29 * "Chichipotle" | "Eating out with work buddies"
  Liabilities:US:Chase:Slate                       -21.63 USD
  Expenses:Food:Restaurant                          21.63 USD

2014-07-02 * "Cafe Modagor" | "Eating out with Julie"
  Liabilities:US:Chase:Slate                       -39.15 USD
  Expenses:Food:Restaurant                          39.15 USD

2014-07-02 * "Onion Market" | "Buying groceries"
  Liabilities:US:Chase:Slate                       -70.38 USD
  Expenses:Food:Groceries                           70.38 USD

2014-07-05 * "Goba Goba" | "Eating out "
  Liabilities:US:Chase:Slate                       -25.46 USD
  Expenses:Food:Restaurant                          25.46 USD

2014-07-06 * "Metro Transport Authority" | "Tram tickets"
  Liabilities:US:Chase:Slate                      -120.00 USD
  Expenses:Transport:Tram                          120.00 USD

2014-07-08 balance Liabilities:US:Chase:Slate    -2307.13 USD

2014-07-09 * "Goba Goba" | "Eating out alone"
  Liabilities:US:Chase:Slate                       -37.01 USD
  Expenses:Food:Restaurant                          37.01 USD

2014-07-09 * "Chase:Slate" | "Paying off credit card"
  Liabilities:US:Chase:Slate                       628.88 USD
  Assets:US:BofA:Checking                         -628.88 USD

2014-07-10 * "Kin Soy" | "Eating out after work"
  Liabilities:US:Chase:Slate                       -82.18 USD
  Expenses:Food:Restaurant                          82.18 USD

2014-07-12 * "Jewel of Morroco" | "Eating out with Bill"
  Liabilities:US:Chase:Slate                       -30.89 USD
  Expenses:Food:Restaurant                          30.89 USD

2014-07-16 * "Onion Market" | "Buying groceries"
  Liabilities:US:Chase:Slate                      -114.40 USD
  Expenses:Food:Groceries                          114.40 USD

2014-07-17 * "Chichipotle" | "Eating out with Joe"
  Liabilities:US:Chase:Slate                       -29.60 USD
  Expenses:Food:Restaurant                          29.60 USD

2014-07-19 * "Kin Soy" | "Eating out with Joe"
  Liabilities:US:Chase:Slate                       -29.36 USD
  Expenses:Food:Restaurant                          29.36 USD

2014-07-20 * "Kin Soy" | "Eating out with Natasha"
  Liabilities:US:Chase:Slate                       -20.07 USD
  Expenses:Food:Restaurant                          20.07 USD

2014-07-25 * "China Garden" | "Eating out "
  Liabilities:US:Chase:Slate                       -25.92 USD
  Expenses:Food:Restaurant                          25.92 USD

2014-07-27 * "Chichipotle" | "Eating out alone"
  Liabilities:US:Chase:Slate                       -17.67 USD
  Expenses:Food:Restaurant                          17.67 USD

2014-07-29 balance Liabilities:US:Chase:Slate    -2065.35 USD

2014-07-31 * "Cafe Modagor" | "Eating out with Bill"
  Liabilities:US:Chase:Slate                       -49.43 USD
  Expenses:Food:Restaurant                          49.43 USD

2014-07-31 * "Good Moods Market" | "Buying groceries"
  Liabilities:US:Chase:Slate                       -77.58 USD
  Expenses:Food:Groceries                           77.58 USD

2014-08-02 * "Chichipotle" | "Eating out with Julie"
  Liabilities:US:Chase:Slate                       -61.13 USD
  Expenses:Food:Restaurant                          61.13 USD

2014-08-05 * "Kin Soy" | "Eating out with Joe"
  Liabilities:US:Chase:Slate                       -48.07 USD
  Expenses:Food:Restaurant                          48.07 USD

2014-08-07 * "Jewel of Morroco" | "Eating out with Natasha"
  Liabilities:US:Chase:Slate                       -37.73 USD
  Expenses:Food:Restaurant                          37.73 USD

2014-08-08 * "Kin Soy" | "Eating out alone"
  Liabilities:US:Chase:Slate                       -39.32 USD
  Expenses:Food:Restaurant                          39.32 USD

2014-08-08 * "Metro Transport Authority" | "Tram tickets"
  Liabilities:US:Chase:Slate                      -120.00 USD
  Expenses:Transport:Tram                          120.00 USD

2014-08-09 * "Chase:Slate" | "Paying off credit card"
  Liabilities:US:Chase:Slate                       822.26 USD
  Assets:US:BofA:Checking                         -822.26 USD

2014-08-13 * "Kin Soy" | "Eating out with Joe"
  Liabilities:US:Chase:Slate                       -38.91 USD
  Expenses:Food:Restaurant                          38.91 USD

2014-08-18 * "Chichipotle" | "Eating out with work buddies"
  Liabilities:US:Chase:Slate                       -50.41 USD
  Expenses:Food:Restaurant                          50.41 USD

2014-08-19 * "Jewel of Morroco" | "Eating out alone"
  Liabilities:US:Chase:Slate                       -32.83 USD
  Expenses:Food:Restaurant                          32.83 USD

2014-08-19 * "Corner Deli" | "Buying groceries"
  Liabilities:US:Chase:Slate                       -85.38 USD
  Expenses:Food:Groceries                           85.38 USD

2014-08-22 balance Liabilities:US:Chase:Slate    -1883.88 USD

2014-08-24 * "Uncle Boons" | "Eating out with Natasha"
  Liabilities:US:Chase:Slate                       -44.10 USD
  Expenses:Food:Restaurant                          44.10 USD

2014-08-25 * "Chichipotle" | "Eating out with Natasha"
  Liabilities:US:Chase:Slate                       -15.76 USD
  Expenses:Food:Restaurant                          15.76 USD

2014-08-30 * "Cafe Modagor" | "Eating out alone"
  Liabilities:US:Chase:Slate                       -29.38 USD
  Expenses:Food:Restaurant                          29.38 USD

2014-09-04 * "Uncle Boons" | "Eating out with work buddies"
  Liabilities:US:Chase:Slate                       -18.85 USD
  Expenses:Food:Restaurant                          18.85 USD

2014-09-04 * "Corner Deli" | "Buying groceries"
  Liabilities:US:Chase:Slate                       -89.75 USD
  Expenses:Food:Groceries                           89.75 USD

2014-09-08 * "Kin Soy" | "Eating out with Joe"
  Liabilities:US:Chase:Slate                       -20.56 USD
  Expenses:Food:Restaurant                          20.56 USD

2014-09-10 * "Metro Transport Authority" | "Tram tickets"
  Liabilities:US:Chase:Slate                      -120.00 USD
  Expenses:Transport:Tram                          120.00 USD

2014-09-10 * "Chase:Slate" | "Paying off credit card"
  Liabilities:US:Chase:Slate                       507.02 USD
  Assets:US:BofA:Checking                         -507.02 USD

2014-09-11 * "Rose Flower" | "Eating out with work buddies"
  Liabilities:US:Chase:Slate                       -30.33 USD
  Expenses:Food:Restaurant                          30.33 USD

2014-09-13 balance Liabilities:US:Chase:Slate    -1745.59 USD

2014-09-14 * "Uncle Boons" | "Eating out with Natasha"
  Liabilities:US:Chase:Slate                       -15.89 USD
  Expenses:Food:Restaurant                          15.89 USD

2014-09-14 * "Farmer Fresh" | "Buying groceries"
  Liabilities:US:Chase:Slate                      -114.11 USD
  Expenses:Food:Groceries                          114.11 USD

2014-09-19 * "Kin Soy" | "Eating out with Bill"
  Liabilities:US:Chase:Slate                       -40.70 USD
  Expenses:Food:Restaurant                          40.70 USD

2014-09-21 * "China Garden" | "Eating out with Bill"
  Liabilities:US:Chase:Slate                       -25.07 USD
  Expenses:Food:Restaurant                          25.07 USD

2014-09-24 * "Goba Goba" | "Eating out with work buddies"
  Liabilities:US:Chase:Slate                       -20.32 USD
  Expenses:Food:Restaurant                          20.32 USD

2014-09-29 * "China Garden" | "Eating out with work buddies"
  Liabilities:US:Chase:Slate                       -49.29 USD
  Expenses:Food:Restaurant                          49.29 USD

2014-10-01 * "Farmer Fresh" | "Buying groceries"
  Liabilities:US:Chase:Slate                       -85.44 USD
  Expenses:Food:Groceries                           85.44 USD

2014-10-02 * "Kin Soy" | "Eating out after work"
  Liabilities:US:Chase:Slate                       -25.49 USD
  Expenses:Food:Restaurant                          25.49 USD

2014-10-06 * "Cafe Modagor" | "Eating out with Natasha"
  Liabilities:US:Chase:Slate                       -16.88 USD
  Expenses:Food:Restaurant                          16.88 USD

2014-10-07 * "Chase:Slate" | "Paying off credit card"
  Liabilities:US:Chase:Slate                       445.77 USD
  Assets:US:BofA:Checking                         -445.77 USD

2014-10-10 balance Liabilities:US:Chase:Slate    -1693.01 USD

2014-10-11 * "Uncle Boons" | "Eating out with Joe"
  Liabilities:US:Chase:Slate                       -22.25 USD
  Expenses:Food:Restaurant                          22.25 USD

2014-10-12 * "Cafe Modagor" | "Eating out after work"
  Liabilities:US:Chase:Slate                       -57.20 USD
  Expenses:Food:Restaurant                          57.20 USD

2014-10-13 * "Metro Transport Authority" | "Tram tickets"
  Liabilities:US:Chase:Slate                      -120.00 USD
  Expenses:Transport:Tram                          120.00 USD

2014-10-15 * "Goba Goba" | "Eating out with work buddies"
  Liabilities:US:Chase:Slate                       -15.16 USD
  Expenses:Food:Restaurant                          15.16 USD

2014-10-19 * "Farmer Fresh" | "Buying groceries"
  Liabilities:US:Chase:Slate                      -156.94 USD
  Expenses:Food:Groceries                          156.94 USD

2014-10-20 * "Kin Soy" | "Eating out with work buddies"
  Liabilities:US:Chase:Slate                       -18.10 USD
  Expenses:Food:Restaurant                          18.10 USD

2014-10-23 * "Cafe Modagor" | "Eating out alone"
  Liabilities:US:Chase:Slate                       -55.28 USD
  Expenses:Food:Restaurant                          55.28 USD

2014-10-26 * "Kin Soy" | "Eating out with Natasha"
  Liabilities:US:Chase:Slate                       -39.47 USD
  Expenses:Food:Restaurant                          39.47 USD

2014-10-29 * "Chichipotle" | "Eating out with Joe"
  Liabilities:US:Chase:Slate                       -21.32 USD
  Expenses:Food:Restaurant                          21.32 USD

2014-10-30 * "Corner Deli" | "Buying groceries"
  Liabilities:US:Chase:Slate                      -109.84 USD
  Expenses:Food:Groceries                          109.84 USD

2014-11-01 * "Chichipotle" | "Eating out with work buddies"
  Liabilities:US:Chase:Slate                       -30.61 USD
  Expenses:Food:Restaurant                          30.61 USD

2014-11-03 balance Liabilities:US:Chase:Slate    -2339.18 USD

2014-11-04 * "Goba Goba" | "Eating out after work"
  Liabilities:US:Chase:Slate                       -26.45 USD
  Expenses:Food:Restaurant                          26.45 USD

2014-11-06 * "Goba Goba" | "Eating out with Bill"
  Liabilities:US:Chase:Slate                       -23.98 USD
  Expenses:Food:Restaurant                          23.98 USD

2014-11-06 * "Corner Deli" | "Buying groceries"
  Liabilities:US:Chase:Slate                      -103.78 USD
  Expenses:Food:Groceries                          103.78 USD

2014-11-10 * "Chase:Slate" | "Paying off credit card"
  Liabilities:US:Chase:Slate                       813.66 USD
  Assets:US:BofA:Checking                         -813.66 USD

2014-11-11 * "Goba Goba" | "Eating out with Bill"
  Liabilities:US:Chase:Slate                       -35.53 USD
  Expenses:Food:Restaurant                          35.53 USD

2014-11-13 * "Chichipotle" | "Eating out with Julie"
  Liabilities:US:Chase:Slate                       -32.30 USD
  Expenses:Food:Restaurant                          32.30 USD

2014-11-14 * "Kin Soy" | "Eating out alone"
  Liabilities:US:Chase:Slate                       -27.18 USD
  Expenses:Food:Restaurant                          27.18 USD

2014-11-14 * "Metro Transport Authority" | "Tram tickets"
  Liabilities:US:Chase:Slate                      -120.00 USD
  Expenses:Transport:Tram                          120.00 USD

2014-11-19 * "Rose Flower" | "Eating out with Natasha"
  Liabilities:US:Chase:Slate                       -30.61 USD
  Expenses:Food:Restaurant                          30.61 USD

2014-11-20 * "Jewel of Morroco" | "Eating out after work"
  Liabilities:US:Chase:Slate                       -40.94 USD
  Expenses:Food:Restaurant                          40.94 USD

2014-11-24 * "Kin Soy" | "Eating out with Julie"
  Liabilities:US:Chase:Slate                       -25.01 USD
  Expenses:Food:Restaurant                          25.01 USD

2014-11-25 * "Chichipotle" | "Eating out with Bill"
  Liabilities:US:Chase:Slate                       -60.45 USD
  Expenses:Food:Restaurant                          60.45 USD

2014-11-25 * "Corner Deli" | "Buying groceries"
  Liabilities:US:Chase:Slate                       -73.55 USD
  Expenses:Food:Groceries                           73.55 USD

2014-11-27 balance Liabilities:US:Chase:Slate    -2125.30 USD

2014-11-30 * "Goba Goba" | "Eating out after work"
  Liabilities:US:Chase:Slate                       -35.92 USD
  Expenses:Food:Restaurant                          35.92 USD

2014-12-03 * "Rose Flower" | "Eating out "
  Liabilities:US:Chase:Slate                       -30.12 USD
  Expenses:Food:Restaurant                          30.12 USD

2014-12-05 * "Chichipotle" | "Eating out with Bill"
  Liabilities:US:Chase:Slate                       -33.63 USD
  Expenses:Food:Restaurant                          33.63 USD

2014-12-07 * "Farmer Fresh" | "Buying groceries"
  Liabilities:US:Chase:Slate                       -79.89 USD
  Expenses:Food:Groceries                           79.89 USD

2014-12-08 * "Chase:Slate" | "Paying off credit card"
  Liabilities:US:Chase:Slate                       626.58 USD
  Assets:US:BofA:Checking                         -626.58 USD

2014-12-09 * "Jewel of Morroco" | "Eating out alone"
  Liabilities:US:Chase:Slate                       -36.98 USD
  Expenses:Food:Restaurant                          36.98 USD

2014-12-12 * "Metro Transport Authority" | "Tram tickets"
  Liabilities:US:Chase:Slate                      -120.00 USD
  Expenses:Transport:Tram                          120.00 USD

2014-12-14 * "Kin Soy" | "Eating out with Julie"
  Liabilities:US:Chase:Slate                       -15.57 USD
  Expenses:Food:Restaurant                          15.57 USD

2014-12-18 balance Liabilities:US:Chase:Slate    -1850.83 USD

2014-12-18 * "Goba Goba" | "Eating out "
  Liabilities:US:Chase:Slate                       -19.98 USD
  Expenses:Food:Restaurant                          19.98 USD

2014-12-21 * "Rose Flower" | "Eating out with Julie"
  Liabilities:US:Chase:Slate                       -23.60 USD
  Expenses:Food:Restaurant                          23.60 USD

2014-12-22 * "Corner Deli" | "Buying groceries"
  Liabilities:US:Chase:Slate                       -51.91 USD
  Expenses:Food:Groceries                           51.91 USD

2014-12-24 * "Cafe Modagor" | "Eating out with work buddies"
  Liabilities:US:Chase:Slate                       -29.09 USD
  Expenses:Food:Restaurant                          29.09 USD

2014-12-25 * "Goba Goba" | "Eating out after work"
  Liabilities:US:Chase:Slate                       -40.05 USD
  Expenses:Food:Restaurant                          40.05 USD

2014-12-30 * "Kin Soy" | "Eating out alone"
  Liabilities:US:Chase:Slate                       -85.37 USD
  Expenses:Food:Restaurant                          85.37 USD

2015-01-03 * "Rose Flower" | "Eating out with Bill"
  Liabilities:US:Chase:Slate                       -18.11 USD
  Expenses:Food:Restaurant                          18.11 USD

2015-01-04 * "Jewel of Morroco" | "Eating out with Julie"
  Liabilities:US:Chase:Slate                       -32.82 USD
  Expenses:Food:Restaurant                          32.82 USD

2015-01-07 * "Jewel of Morroco" | "Eating out with Julie"
  Liabilities:US:Chase:Slate                       -22.96 USD
  Expenses:Food:Restaurant                          22.96 USD

2015-01-07 * "Corner Deli" | "Buying groceries"
  Liabilities:US:Chase:Slate                       -61.85 USD
  Expenses:Food:Groceries                           61.85 USD

2015-01-08 * "Uncle Boons" | "Eating out after work"
  Liabilities:US:Chase:Slate                       -54.79 USD
  Expenses:Food:Restaurant                          54.79 USD

2015-01-08 * "Chase:Slate" | "Paying off credit card"
  Liabilities:US:Chase:Slate                       576.10 USD
  Assets:US:BofA:Checking                         -576.10 USD

2015-01-09 * "Metro Transport Authority" | "Tram tickets"
  Liabilities:US:Chase:Slate                      -120.00 USD
  Expenses:Transport:Tram                          120.00 USD

2015-01-13 * "Chichipotle" | "Eating out "
  Liabilities:US:Chase:Slate                       -48.46 USD
  Expenses:Food:Restaurant                          48.46 USD

2015-01-15 balance Liabilities:US:Chase:Slate    -1883.72 USD

2015-01-18 * "Cafe Modagor" | "Eating out "
  Liabilities:US:Chase:Slate                       -44.45 USD
  Expenses:Food:Restaurant                          44.45 USD

2015-01-20 * "Jewel of Morroco" | "Eating out "
  Liabilities:US:Chase:Slate                       -52.93 USD
  Expenses:Food:Restaurant                          52.93 USD

2015-01-22 * "Good Moods Market" | "Buying groceries"
  Liabilities:US:Chase:Slate                       -53.67 USD
  Expenses:Food:Groceries                           53.67 USD

2015-01-24 * "Goba Goba" | "Eating out with Natasha"
  Liabilities:US:Chase:Slate                       -40.61 USD
  Expenses:Food:Restaurant                          40.61 USD

2015-01-29 * "Jewel of Morroco" | "Eating out with work buddies"
  Liabilities:US:Chase:Slate                       -41.79 USD
  Expenses:Food:Restaurant                          41.79 USD

2015-02-01 * "Cafe Modagor" | "Eating out with Joe"
  Liabilities:US:Chase:Slate                       -51.68 USD
  Expenses:Food:Restaurant                          51.68 USD

2015-02-01 * "Onion Market" | "Buying groceries"
  Liabilities:US:Chase:Slate                       -96.37 USD
  Expenses:Food:Groceries                           96.37 USD

2015-02-02 * "Rose Flower" | "Eating out after work"
  Liabilities:US:Chase:Slate                       -22.32 USD
  Expenses:Food:Restaurant                          22.32 USD

2015-02-04 * "Kin Soy" | "Eating out with Joe"
  Liabilities:US:Chase:Slate                       -18.66 USD
  Expenses:Food:Restaurant                          18.66 USD

2015-02-05 balance Liabilities:US:Chase:Slate    -2306.20 USD

2015-02-06 * "Rose Flower" | "Eating out alone"
  Liabilities:US:Chase:Slate                       -14.06 USD
  Expenses:Food:Restaurant                          14.06 USD

2015-02-08 * "Jewel of Morroco" | "Eating out with Joe"
  Liabilities:US:Chase:Slate                       -34.55 USD
  Expenses:Food:Restaurant                          34.55 USD

2015-02-08 * "Metro Transport Authority" | "Tram tickets"
  Liabilities:US:Chase:Slate                      -120.00 USD
  Expenses:Transport:Tram                          120.00 USD

2015-02-09 * "Chase:Slate" | "Paying off credit card"
  Liabilities:US:Chase:Slate                       800.37 USD
  Assets:US:BofA:Checking                         -800.37 USD

2015-02-12 * "Kin Soy" | "Eating out with Bill"
  Liabilities:US:Chase:Slate                       -40.82 USD
  Expenses:Food:Restaurant                          40.82 USD

2015-02-13 * "Kin Soy" | "Eating out alone"
  Liabilities:US:Chase:Slate                       -32.33 USD
  Expenses:Food:Restaurant                          32.33 USD

2015-02-14 event "location" "Chicago"

2015-02-15 * "Argo Tea" | "" #trip-chicago-2015
  Liabilities:US:Chase:Slate                        -6.26 USD
  Expenses:Food:Coffee                               6.26 USD

2015-02-16 * "Another Sports Pub" | "" #trip-chicago-2015
  Liabilities:US:Chase:Slate                       -15.78 USD
  Expenses:Food:Alcohol                             15.78 USD

2015-02-16 * "Argo Tea" | "" #trip-chicago-2015
  Liabilities:US:Chase:Slate                        -6.69 USD
  Expenses:Food:Coffee                               6.69 USD

2015-02-17 * "Mercadito" | "" #trip-chicago-2015
  Liabilities:US:Chase:Slate                       -46.43 USD
  Expenses:Food:Restaurant                          46.43 USD

2015-02-18 * "Star of Siam" | "" #trip-chicago-2015
  Liabilities:US:Chase:Slate                       -23.37 USD
  Expenses:Food:Restaurant                          23.37 USD

2015-02-19 * "25 Degrees Burger Bar" | "" #trip-chicago-2015
  Liabilities:US:Chase:Slate                       -17.63 USD
  Expenses:Food:Restaurant                          17.63 USD

2015-02-20 * "25 Degrees Burger Bar" | "" #trip-chicago-2015
  Liabilities:US:Chase:Slate                       -20.04 USD
  Expenses:Food:Restaurant                          20.04 USD

2015-02-20 * "Argo Tea" | "" #trip-chicago-2015
  Liabilities:US:Chase:Slate                        -5.31 USD
  Expenses:Food:Coffee                               5.31 USD

2015-02-21 * "Mercadito" | "" #trip-chicago-2015
  Liabilities:US:Chase:Slate                       -43.53 USD
  Expenses:Food:Restaurant                          43.53 USD

2015-02-21 * "25 Degrees Burger Bar" | "" #trip-chicago-2015
  Liabilities:US:Chase:Slate                       -22.76 USD
  Expenses:Food:Restaurant                          22.76 USD

2015-02-21 * "Another Sports Pub" | "" #trip-chicago-2015
  Liabilities:US:Chase:Slate                       -10.57 USD
  Expenses:Food:Alcohol                             10.57 USD

2015-02-21 * "Argo Tea" | "" #trip-chicago-2015
  Liabilities:US:Chase:Slate                        -6.12 USD
  Expenses:Food:Coffee                               6.12 USD

2015-02-23 * "25 Degrees Burger Bar" | "" #trip-chicago-2015
  Liabilities:US:Chase:Slate                       -22.44 USD
  Expenses:Food:Restaurant                          22.44 USD

2015-02-25 * "25 Degrees Burger Bar" | "" #trip-chicago-2015
  Liabilities:US:Chase:Slate                       -20.86 USD
  Expenses:Food:Restaurant                          20.86 USD

2015-02-25 * "Argo Tea" | "" #trip-chicago-2015
  Liabilities:US:Chase:Slate                        -6.11 USD
  Expenses:Food:Coffee                               6.11 USD

2015-02-26 * "Eataly Chicago" | "" #trip-chicago-2015
  Liabilities:US:Chase:Slate                       -31.00 USD
  Expenses:Food:Restaurant                          31.00 USD

2015-02-26 * "Another Sports Pub" | "" #trip-chicago-2015
  Liabilities:US:Chase:Slate                       -13.07 USD
  Expenses:Food:Alcohol                             13.07 USD

2015-02-27 * "Eataly Chicago" | "" #trip-chicago-2015
  Liabilities:US:Chase:Slate                       -38.61 USD
  Expenses:Food:Restaurant                          38.61 USD

2015-02-27 * "Another Sports Pub" | "" #trip-chicago-2015
  Liabilities:US:Chase:Slate                       -17.14 USD
  Expenses:Food:Alcohol                             17.14 USD

2015-02-27 * "Argo Tea" | "" #trip-chicago-2015
  Liabilities:US:Chase:Slate                        -4.94 USD
  Expenses:Food:Coffee                               4.94 USD

2015-02-28 * "Star of Siam" | "" #trip-chicago-2015
  Liabilities:US:Chase:Slate                       -26.60 USD
  Expenses:Food:Restaurant                          26.60 USD

2015-02-28 * "25 Degrees Burger Bar" | "" #trip-chicago-2015
  Liabilities:US:Chase:Slate                       -23.33 USD
  Expenses:Food:Restaurant                          23.33 USD

2015-03-01 * "Star of Siam" | "" #trip-chicago-2015
  Liabilities:US:Chase:Slate                       -28.52 USD
  Expenses:Food:Restaurant                          28.52 USD

2015-03-01 * "Eataly Chicago" | "" #trip-chicago-2015
  Liabilities:US:Chase:Slate                       -30.89 USD
  Expenses:Food:Restaurant                          30.89 USD

2015-03-01 * "Argo Tea" | "" #trip-chicago-2015
  Liabilities:US:Chase:Slate                        -7.05 USD
  Expenses:Food:Coffee                               7.05 USD

2015-03-02 * "Chichipotle" | "Eating out alone"
  Liabilities:US:Chase:Slate                       -31.19 USD
  Expenses:Food:Restaurant                          31.19 USD

2015-03-02 * "25 Degrees Burger Bar" | "" #trip-chicago-2015
  Liabilities:US:Chase:Slate                       -23.72 USD
  Expenses:Food:Restaurant                          23.72 USD

2015-03-02 * "Consume vacation days"
  Assets:US:Hoogle:Vacation                          -128 VACHR
  Expenses:Vacation                                   128 VACHR

2015-03-02 event "location" "New Metropolis"

2015-03-03 * "Corner Deli" | "Buying groceries"
  Liabilities:US:Chase:Slate                      -117.46 USD
  Expenses:Food:Groceries                          117.46 USD

2015-03-06 balance Liabilities:US:Chase:Slate    -2415.01 USD

2015-03-07 * "Chichipotle" | "Eating out after work"
  Liabilities:US:Chase:Slate                       -70.57 USD
  Expenses:Food:Restaurant                          70.57 USD

2015-03-08 * "Metro Transport Authority" | "Tram tickets"
  Liabilities:US:Chase:Slate                      -120.00 USD
  Expenses:Transport:Tram                          120.00 USD

2015-03-08 * "Chase:Slate" | "Paying off credit card"
  Liabilities:US:Chase:Slate                       371.55 USD
  Assets:US:BofA:Checking                         -371.55 USD

2015-03-09 * "Cafe Modagor" | "Eating out "
  Liabilities:US:Chase:Slate                       -23.96 USD
  Expenses:Food:Restaurant                          23.96 USD

2015-03-10 * "Rose Flower" | "Eating out with Natasha"
  Liabilities:US:Chase:Slate                       -20.24 USD
  Expenses:Food:Restaurant                          20.24 USD

2015-03-10 * "Corner Deli" | "Buying groceries"
  Liabilities:US:Chase:Slate                       -83.13 USD
  Expenses:Food:Groceries                           83.13 USD

2015-03-11 * "Goba Goba" | "Eating out after work"
  Liabilities:US:Chase:Slate                       -31.56 USD
  Expenses:Food:Restaurant                          31.56 USD

2015-03-14 * "Rose Flower" | "Eating out with Julie"
  Liabilities:US:Chase:Slate                       -28.83 USD
  Expenses:Food:Restaurant                          28.83 USD

2015-03-18 * "Rose Flower" | "Eating out "
  Liabilities:US:Chase:Slate                       -69.15 USD
  Expenses:Food:Restaurant                          69.15 USD

2015-03-23 * "Chichipotle" | "Eating out with Julie"
  Liabilities:US:Chase:Slate                       -64.18 USD
  Expenses:Food:Restaurant                          64.18 USD

2015-03-24 * "China Garden" | "Eating out alone"
  Liabilities:US:Chase:Slate                       -19.97 USD
  Expenses:Food:Restaurant                          19.97 USD

2015-03-27 * "Corner Deli" | "Buying groceries"
  Liabilities:US:Chase:Slate                      -117.68 USD
  Expenses:Food:Groceries                          117.68 USD

2015-03-28 balance Liabilities:US:Chase:Slate    -2692.73 USD

2015-03-29 * "China Garden" | "Eating out alone"
  Liabilities:US:Chase:Slate                       -19.44 USD
  Expenses:Food:Restaurant                          19.44 USD

2015-04-01 * "China Garden" | "Eating out "
  Liabilities:US:Chase:Slate                       -23.55 USD
  Expenses:Food:Restaurant                          23.55 USD

2015-04-03 * "China Garden" | "Eating out with Julie"
  Liabilities:US:Chase:Slate                       -36.05 USD
  Expenses:Food:Restaurant                          36.05 USD

2015-04-05 * "Cafe Modagor" | "Eating out "
  Liabilities:US:Chase:Slate                       -41.40 USD
  Expenses:Food:Restaurant                          41.40 USD

2015-04-05 * "Metro Transport Authority" | "Tram tickets"
  Liabilities:US:Chase:Slate                      -120.00 USD
  Expenses:Transport:Tram                          120.00 USD

2015-04-07 * "Chase:Slate" | "Paying off credit card"
  Liabilities:US:Chase:Slate                       722.48 USD
  Assets:US:BofA:Checking                         -722.48 USD

2015-04-09 * "Kin Soy" | "Eating out with Natasha"
  Liabilities:US:Chase:Slate                       -23.34 USD
  Expenses:Food:Restaurant                          23.34 USD

2015-04-11 * "Corner Deli" | "Buying groceries"
  Liabilities:US:Chase:Slate                       -94.01 USD
  Expenses:Food:Groceries                           94.01 USD

2015-04-14 * "Uncle Boons" | "Eating out with Julie"
  Liabilities:US:Chase:Slate                       -29.91 USD
  Expenses:Food:Restaurant                          29.91 USD

2015-04-17 * "Rose Flower" | "Eating out with Julie"
  Liabilities:US:Chase:Slate                       -42.55 USD
  Expenses:Food:Restaurant                          42.55 USD

2015-04-19 * "Chichipotle" | "Eating out with Natasha"
  Liabilities:US:Chase:Slate                       -32.71 USD
  Expenses:Food:Restaurant                          32.71 USD

2015-04-21 * "Corner Deli" | "Buying groceries"
  Liabilities:US:Chase:Slate                       -47.84 USD
  Expenses:Food:Groceries                           47.84 USD

2015-04-22 * "China Garden" | "Eating out alone"
  Liabilities:US:Chase:Slate                       -30.10 USD
  Expenses:Food:Restaurant                          30.10 USD

2015-04-23 * "Chichipotle" | "Eating out with work buddies"
  Liabilities:US:Chase:Slate                       -48.24 USD
  Expenses:Food:Restaurant                          48.24 USD

2015-04-26 balance Liabilities:US:Chase:Slate    -2559.39 USD

2015-04-28 * "Cafe Modagor" | "Eating out with Natasha"
  Liabilities:US:Chase:Slate                       -29.51 USD
  Expenses:Food:Restaurant                          29.51 USD

2015-05-03 * "Cafe Modagor" | "Eating out with Julie"
  Liabilities:US:Chase:Slate                       -32.69 USD
  Expenses:Food:Restaurant                          32.69 USD

2015-05-04 * "Jewel of Morroco" | "Eating out with Bill"
  Liabilities:US:Chase:Slate                       -46.49 USD
  Expenses:Food:Restaurant                          46.49 USD

2015-05-06 * "Metro Transport Authority" | "Tram tickets"
  Liabilities:US:Chase:Slate                      -120.00 USD
  Expenses:Transport:Tram                          120.00 USD

2015-05-07 * "Chase:Slate" | "Paying off credit card"
  Liabilities:US:Chase:Slate                       589.26 USD
  Assets:US:BofA:Checking                         -589.26 USD

2015-05-09 * "Uncle Boons" | "Eating out with work buddies"
  Liabilities:US:Chase:Slate                       -35.21 USD
  Expenses:Food:Restaurant                          35.21 USD

2015-05-10 * "Corner Deli" | "Buying groceries"
  Liabilities:US:Chase:Slate                      -130.15 USD
  Expenses:Food:Groceries                          130.15 USD

2015-05-11 * "Goba Goba" | "Eating out with Bill"
  Liabilities:US:Chase:Slate                       -60.05 USD
  Expenses:Food:Restaurant                          60.05 USD

2015-05-13 * "Uncle Boons" | "Eating out with Julie"
  Liabilities:US:Chase:Slate                       -13.53 USD
  Expenses:Food:Restaurant                          13.53 USD

2015-05-14 * "Rose Flower" | "Eating out after work"
  Liabilities:US:Chase:Slate                        -7.73 USD
  Expenses:Food:Restaurant                           7.73 USD

2015-05-17 balance Liabilities:US:Chase:Slate    -2445.49 USD

2015-05-19 * "Cafe Modagor" | "Eating out with work buddies"
  Liabilities:US:Chase:Slate                       -42.25 USD
  Expenses:Food:Restaurant                          42.25 USD

2015-05-24 * "Rose Flower" | "Eating out alone"
  Liabilities:US:Chase:Slate                       -21.94 USD
  Expenses:Food:Restaurant                          21.94 USD

2015-05-26 * "China Garden" | "Eating out with Julie"
  Liabilities:US:Chase:Slate                       -17.58 USD
  Expenses:Food:Restaurant                          17.58 USD

2015-05-28 * "Kin Soy" | "Eating out with work buddies"
  Liabilities:US:Chase:Slate                       -27.42 USD
  Expenses:Food:Restaurant                          27.42 USD

2015-05-28 * "Good Moods Market" | "Buying groceries"
  Liabilities:US:Chase:Slate                       -78.44 USD
  Expenses:Food:Groceries                           78.44 USD

2015-05-30 * "Uncle Boons" | "Eating out with Julie"
  Liabilities:US:Chase:Slate                       -17.39 USD
  Expenses:Food:Restaurant                          17.39 USD

2015-06-02 * "Cafe Modagor" | "Eating out with Natasha"
  Liabilities:US:Chase:Slate                       -31.19 USD
  Expenses:Food:Restaurant                          31.19 USD

2015-06-03 * "Metro Transport Authority" | "Tram tickets"
  Liabilities:US:Chase:Slate                      -120.00 USD
  Expenses:Transport:Tram                          120.00 USD

2015-06-07 balance Liabilities:US:Chase:Slate    -2801.70 USD

2015-06-07 * "Goba Goba" | "Eating out alone"
  Liabilities:US:Chase:Slate                       -71.07 USD
  Expenses:Food:Restaurant                          71.07 USD

2015-06-10 * "Cafe Modagor" | "Eating out with work buddies"
  Liabilities:US:Chase:Slate                       -54.34 USD
  Expenses:Food:Restaurant                          54.34 USD

2015-06-10 * "Chase:Slate" | "Paying off credit card"
  Liabilities:US:Chase:Slate                       693.08 USD
  Assets:US:BofA:Checking                         -693.08 USD

2015-06-14 * "China Garden" | "Eating out alone"
  Liabilities:US:Chase:Slate                       -50.91 USD
  Expenses:Food:Restaurant                          50.91 USD

2015-06-17 * "Farmer Fresh" | "Buying groceries"
  Liabilities:US:Chase:Slate                       -68.15 USD
  Expenses:Food:Groceries                           68.15 USD

2015-06-18 * "Goba Goba" | "Eating out with Joe"
  Liabilities:US:Chase:Slate                       -34.90 USD
  Expenses:Food:Restaurant                          34.90 USD

2015-06-21 * "Jewel of Morroco" | "Eating out with Julie"
  Liabilities:US:Chase:Slate                       -35.48 USD
  Expenses:Food:Restaurant                          35.48 USD

2015-06-25 * "Chichipotle" | "Eating out with Bill"
  Liabilities:US:Chase:Slate                       -18.78 USD
  Expenses:Food:Restaurant                          18.78 USD

2015-06-26 * "Jewel of Morroco" | "Eating out alone"
  Liabilities:US:Chase:Slate                       -22.82 USD
  Expenses:Food:Restaurant                          22.82 USD

2015-06-27 * "Kin Soy" | "Eating out with Julie"
  Liabilities:US:Chase:Slate                       -54.46 USD
  Expenses:Food:Restaurant                          54.46 USD

2015-06-30 * "Metro Transport Authority" | "Tram tickets"
  Liabilities:US:Chase:Slate                      -120.00 USD
  Expenses:Transport:Tram                          120.00 USD

2015-07-01 * "Jewel of Morroco" | "Eating out alone"
  Liabilities:US:Chase:Slate                       -18.18 USD
  Expenses:Food:Restaurant                          18.18 USD

2015-07-04 * "Rose Flower" | "Eating out after work"
  Liabilities:US:Chase:Slate                       -37.65 USD
  Expenses:Food:Restaurant                          37.65 USD

2015-07-05 balance Liabilities:US:Chase:Slate    -2695.36 USD

2015-07-05 * "Corner Deli" | "Buying groceries"
  Liabilities:US:Chase:Slate                       -65.70 USD
  Expenses:Food:Groceries                           65.70 USD

2015-07-07 * "Chichipotle" | "Eating out with Julie"
  Liabilities:US:Chase:Slate                       -34.70 USD
  Expenses:Food:Restaurant                          34.70 USD

2015-07-10 * "Chase:Slate" | "Paying off credit card"
  Liabilities:US:Chase:Slate                       623.77 USD
  Assets:US:BofA:Checking                         -623.77 USD

2015-07-12 * "Kin Soy" | "Eating out "
  Liabilities:US:Chase:Slate                       -62.04 USD
  Expenses:Food:Restaurant                          62.04 USD

2015-07-16 * "Uncle Boons" | "Eating out alone"
  Liabilities:US:Chase:Slate                       -20.26 USD
  Expenses:Food:Restaurant                          20.26 USD

2015-07-19 * "Cafe Modagor" | "Eating out "
  Liabilities:US:Chase:Slate                       -44.46 USD
  Expenses:Food:Restaurant                          44.46 USD

2015-07-22 * "Goba Goba" | "Eating out alone"
  Liabilities:US:Chase:Slate                       -37.62 USD
  Expenses:Food:Restaurant                          37.62 USD

2015-07-24 * "China Garden" | "Eating out with Bill"
  Liabilities:US:Chase:Slate                       -48.58 USD
  Expenses:Food:Restaurant                          48.58 USD

2015-07-25 * "China Garden" | "Eating out with Julie"
  Liabilities:US:Chase:Slate                       -30.24 USD
  Expenses:Food:Restaurant                          30.24 USD

2015-07-25 * "Farmer Fresh" | "Buying groceries"
  Liabilities:US:Chase:Slate                      -118.79 USD
  Expenses:Food:Groceries                          118.79 USD

2015-07-27 * "Jewel of Morroco" | "Eating out with Joe"
  Liabilities:US:Chase:Slate                       -24.73 USD
  Expenses:Food:Restaurant                          24.73 USD

2015-07-28 balance Liabilities:US:Chase:Slate    -2558.71 USD

2015-07-29 * "Kin Soy" | "Eating out "
  Liabilities:US:Chase:Slate                       -28.32 USD
  Expenses:Food:Restaurant                          28.32 USD

2015-08-01 * "Jewel of Morroco" | "Eating out with work buddies"
  Liabilities:US:Chase:Slate                       -22.64 USD
  Expenses:Food:Restaurant                          22.64 USD

2015-08-02 * "Metro Transport Authority" | "Tram tickets"
  Liabilities:US:Chase:Slate                      -120.00 USD
  Expenses:Transport:Tram                          120.00 USD

2015-08-03 * "Jewel of Morroco" | "Eating out with Bill"
  Liabilities:US:Chase:Slate                       -21.86 USD
  Expenses:Food:Restaurant                          21.86 USD

2015-08-04 * "China Garden" | "Eating out with Natasha"
  Liabilities:US:Chase:Slate                       -23.04 USD
  Expenses:Food:Restaurant                          23.04 USD

2015-08-05 * "Cafe Modagor" | "Eating out "
  Liabilities:US:Chase:Slate                       -29.75 USD
  Expenses:Food:Restaurant                          29.75 USD

2015-08-07 * "Onion Market" | "Buying groceries"
  Liabilities:US:Chase:Slate                       -65.12 USD
  Expenses:Food:Groceries                           65.12 USD

2015-08-08 * "Jewel of Morroco" | "Eating out with Bill"
  Liabilities:US:Chase:Slate                       -37.46 USD
  Expenses:Food:Restaurant                          37.46 USD

2015-08-10 * "Goba Goba" | "Eating out "
  Liabilities:US:Chase:Slate                       -39.35 USD
  Expenses:Food:Restaurant                          39.35 USD

2015-08-10 * "Chase:Slate" | "Paying off credit card"
  Liabilities:US:Chase:Slate                       712.22 USD
  Assets:US:BofA:Checking                         -712.22 USD

2015-08-12 * "Goba Goba" | "Eating out with Bill"
  Liabilities:US:Chase:Slate                       -40.56 USD
  Expenses:Food:Restaurant                          40.56 USD

2015-08-13 * "Jewel of Morroco" | "Eating out with Joe"
  Liabilities:US:Chase:Slate                       -36.73 USD
  Expenses:Food:Restaurant                          36.73 USD

2015-08-14 * "Jewel of Morroco" | "Eating out alone"
  Liabilities:US:Chase:Slate                       -18.93 USD
  Expenses:Food:Restaurant                          18.93 USD

2015-08-15 * "Kin Soy" | "Eating out with Julie"
  Liabilities:US:Chase:Slate                       -24.08 USD
  Expenses:Food:Restaurant                          24.08 USD

2015-08-19 * "Jewel of Morroco" | "Eating out with Bill"
  Liabilities:US:Chase:Slate                       -11.02 USD
  Expenses:Food:Restaurant                          11.02 USD

2015-08-21 * "Farmer Fresh" | "Buying groceries"
  Liabilities:US:Chase:Slate                       -77.60 USD
  Expenses:Food:Groceries                           77.60 USD

2015-08-22 * "Kin Soy" | "Eating out with work buddies"
  Liabilities:US:Chase:Slate                       -46.39 USD
  Expenses:Food:Restaurant                          46.39 USD

2015-08-23 * "Uncle Boons" | "Eating out with work buddies"
  Liabilities:US:Chase:Slate                       -27.02 USD
  Expenses:Food:Restaurant                          27.02 USD

2015-08-24 * "Chichipotle" | "Eating out with Joe"
  Liabilities:US:Chase:Slate                       -25.39 USD
  Expenses:Food:Restaurant                          25.39 USD

2015-08-26 balance Liabilities:US:Chase:Slate    -2541.75 USD

2015-08-27 * "Kin Soy" | "Eating out with Bill"
  Liabilities:US:Chase:Slate                       -30.97 USD
  Expenses:Food:Restaurant                          30.97 USD

2015-08-28 * "Kin Soy" | "Eating out "
  Liabilities:US:Chase:Slate                       -10.90 USD
  Expenses:Food:Restaurant                          10.90 USD

2015-08-31 * "Metro Transport Authority" | "Tram tickets"
  Liabilities:US:Chase:Slate                      -120.00 USD
  Expenses:Transport:Tram                          120.00 USD

2015-09-01 * "Chichipotle" | "Eating out with work buddies"
  Liabilities:US:Chase:Slate                       -22.80 USD
  Expenses:Food:Restaurant                          22.80 USD

2015-09-03 * "Cafe Modagor" | "Eating out with Joe"
  Liabilities:US:Chase:Slate                       -35.57 USD
  Expenses:Food:Restaurant                          35.57 USD

2015-09-07 * "China Garden" | "Eating out alone"
  Liabilities:US:Chase:Slate                       -21.15 USD
  Expenses:Food:Restaurant                          21.15 USD

2015-09-08 * "Corner Deli" | "Buying groceries"
  Liabilities:US:Chase:Slate                       -53.48 USD
  Expenses:Food:Groceries                           53.48 USD

2015-09-09 * "Chichipotle" | "Eating out with Bill"
  Liabilities:US:Chase:Slate                       -21.03 USD
  Expenses:Food:Restaurant                          21.03 USD

2015-09-11 * "Chase:Slate" | "Paying off credit card"
  Liabilities:US:Chase:Slate                       651.06 USD
  Assets:US:BofA:Checking                         -651.06 USD

2015-09-12 * "Cafe Modagor" | "Eating out with Natasha"
  Liabilities:US:Chase:Slate                       -27.44 USD
  Expenses:Food:Restaurant                          27.44 USD

2015-09-15 balance Liabilities:US:Chase:Slate    -2234.03 USD

2015-09-17 * "Jewel of Morroco" | "Eating out "
  Liabilities:US:Chase:Slate                       -38.17 USD
  Expenses:Food:Restaurant                          38.17 USD

2015-09-19 * "Rose Flower" | "Eating out with work buddies"
  Liabilities:US:Chase:Slate                       -23.00 USD
  Expenses:Food:Restaurant                          23.00 USD

2015-09-24 * "China Garden" | "Eating out with Joe"
  Liabilities:US:Chase:Slate                       -21.83 USD
  Expenses:Food:Restaurant                          21.83 USD

2015-09-26 * "China Garden" | "Eating out "
  Liabilities:US:Chase:Slate                       -14.35 USD
  Expenses:Food:Restaurant                          14.35 USD

2015-09-28 * "Farmer Fresh" | "Buying groceries"
  Liabilities:US:Chase:Slate                       -45.02 USD
  Expenses:Food:Groceries                           45.02 USD

2015-09-29 * "Rose Flower" | "Eating out with Natasha"
  Liabilities:US:Chase:Slate                       -49.99 USD
  Expenses:Food:Restaurant                          49.99 USD

2015-09-30 * "Cafe Modagor" | "Eating out with Natasha"
  Liabilities:US:Chase:Slate                       -25.89 USD
  Expenses:Food:Restaurant                          25.89 USD

2015-10-01 * "Metro Transport Authority" | "Tram tickets"
  Liabilities:US:Chase:Slate                      -120.00 USD
  Expenses:Transport:Tram                          120.00 USD

2015-10-05 * "Cafe Modagor" | "Eating out with Bill"
  Liabilities:US:Chase:Slate                       -41.00 USD
  Expenses:Food:Restaurant                          41.00 USD

2015-10-07 balance Liabilities:US:Chase:Slate    -2613.28 USD

2015-10-07 * "Good Moods Market" | "Buying groceries"
  Liabilities:US:Chase:Slate                      -115.65 USD
  Expenses:Food:Groceries                          115.65 USD

2015-10-07 * "Chase:Slate" | "Paying off credit card"
  Liabilities:US:Chase:Slate                       494.90 USD
  Assets:US:BofA:Checking                         -494.90 USD

2015-10-09 * "Chichipotle" | "Eating out with Joe"
  Liabilities:US:Chase:Slate                       -19.42 USD
  Expenses:Food:Restaurant                          19.42 USD

2015-10-14 * "Kin Soy" | "Eating out "
  Liabilities:US:Chase:Slate                       -37.99 USD
  Expenses:Food:Restaurant                          37.99 USD

2015-10-17 * "Corner Deli" | "Buying groceries"
  Liabilities:US:Chase:Slate                      -105.60 USD
  Expenses:Food:Groceries                          105.60 USD

2015-10-19 * "Jewel of Morroco" | "Eating out with Joe"
  Liabilities:US:Chase:Slate                       -30.60 USD
  Expenses:Food:Restaurant                          30.60 USD

2015-10-24 * "Uncle Boons" | "Eating out after work"
  Liabilities:US:Chase:Slate                       -10.64 USD
  Expenses:Food:Restaurant                          10.64 USD

2015-10-29 * "Uncle Boons" | "Eating out after work"
  Liabilities:US:Chase:Slate                       -21.16 USD
  Expenses:Food:Restaurant                          21.16 USD

2015-11-01 * "Chichipotle" | "Eating out after work"
  Liabilities:US:Chase:Slate                       -37.97 USD
  Expenses:Food:Restaurant                          37.97 USD

2015-11-02 * "Kin Soy" | "Eating out with Joe"
  Liabilities:US:Chase:Slate                       -23.72 USD
  Expenses:Food:Restaurant                          23.72 USD

2015-11-03 * "Kin Soy" | "Eating out alone"
  Liabilities:US:Chase:Slate                       -28.29 USD
  Expenses:Food:Restaurant                          28.29 USD

2015-11-03 * "Metro Transport Authority" | "Tram tickets"
  Liabilities:US:Chase:Slate                      -120.00 USD
  Expenses:Transport:Tram                          120.00 USD

2015-11-04 balance Liabilities:US:Chase:Slate    -2669.42 USD

2015-11-04 * "Good Moods Market" | "Buying groceries"
  Liabilities:US:Chase:Slate                       -50.20 USD
  Expenses:Food:Groceries                           50.20 USD

2015-11-08 * "Jewel of Morroco" | "Eating out "
  Liabilities:US:Chase:Slate                       -26.21 USD
  Expenses:Food:Restaurant                          26.21 USD

2015-11-09 * "Good Moods Market" | "Buying groceries"
  Liabilities:US:Chase:Slate                       -67.46 USD
  Expenses:Food:Groceries                           67.46 USD

2015-11-09 * "Chase:Slate" | "Paying off credit card"
  Liabilities:US:Chase:Slate                       579.26 USD
  Assets:US:BofA:Checking                         -579.26 USD

2015-11-12 * "Cafe Modagor" | "Eating out "
  Liabilities:US:Chase:Slate                       -26.75 USD
  Expenses:Food:Restaurant                          26.75 USD

2015-11-14 * "Jewel of Morroco" | "Eating out with work buddies"
  Liabilities:US:Chase:Slate                       -44.55 USD
  Expenses:Food:Restaurant                          44.55 USD

2015-11-16 * "Kin Soy" | "Eating out with work buddies"
  Liabilities:US:Chase:Slate                       -28.20 USD
  Expenses:Food:Restaurant                          28.20 USD

2015-11-20 * "Cafe Modagor" | "Eating out with Joe"
  Liabilities:US:Chase:Slate                       -27.88 USD
  Expenses:Food:Restaurant                          27.88 USD

2015-11-21 * "Kin Soy" | "Eating out with work buddies"
  Liabilities:US:Chase:Slate                       -22.22 USD
  Expenses:Food:Restaurant                          22.22 USD

2015-11-24 * "Farmer Fresh" | "Buying groceries"
  Liabilities:US:Chase:Slate                      -100.46 USD
  Expenses:Food:Groceries                          100.46 USD

2015-11-25 * "Goba Goba" | "Eating out alone"
  Liabilities:US:Chase:Slate                       -38.29 USD
  Expenses:Food:Restaurant                          38.29 USD

2015-11-29 balance Liabilities:US:Chase:Slate    -2522.38 USD

2015-11-29 * "Uncle Boons" | "Eating out "
  Liabilities:US:Chase:Slate                       -48.50 USD
  Expenses:Food:Restaurant                          48.50 USD

2015-12-04 * "Goba Goba" | "Eating out after work"
  Liabilities:US:Chase:Slate                       -25.67 USD
  Expenses:Food:Restaurant                          25.67 USD

2015-12-04 * "Metro Transport Authority" | "Tram tickets"
  Liabilities:US:Chase:Slate                      -120.00 USD
  Expenses:Transport:Tram                          120.00 USD

2015-12-05 * "Cafe Modagor" | "Eating out with Julie"
  Liabilities:US:Chase:Slate                        -8.42 USD
  Expenses:Food:Restaurant                           8.42 USD

2015-12-08 * "Cafe Modagor" | "Eating out with Natasha"
  Liabilities:US:Chase:Slate                       -26.15 USD
  Expenses:Food:Restaurant                          26.15 USD

2015-12-10 * "Jewel of Morroco" | "Eating out alone"
  Liabilities:US:Chase:Slate                       -34.04 USD
  Expenses:Food:Restaurant                          34.04 USD

2015-12-12 * "Rose Flower" | "Eating out with Bill"
  Liabilities:US:Chase:Slate                       -23.09 USD
  Expenses:Food:Restaurant                          23.09 USD

2015-12-14 * "Farmer Fresh" | "Buying groceries"
  Liabilities:US:Chase:Slate                       -72.06 USD
  Expenses:Food:Groceries                           72.06 USD

2015-12-16 * "Uncle Boons" | "Eating out with work buddies"
  Liabilities:US:Chase:Slate                       -37.11 USD
  Expenses:Food:Restaurant                          37.11 USD

2015-12-20 balance Liabilities:US:Chase:Slate    -2917.42 USD

2015-12-20 * "Uncle Boons" | "Eating out with Julie"
  Liabilities:US:Chase:Slate                       -24.14 USD
  Expenses:Food:Restaurant                          24.14 USD



* Taxable Investments

2013-01-01 open Assets:US:ETrade:Cash                       USD
2013-01-01 open Assets:US:ETrade:ITOT                       ITOT
2013-01-01 open Assets:US:ETrade:VEA                       VEA
2013-01-01 open Assets:US:ETrade:VHT                       VHT
2013-01-01 open Assets:US:ETrade:GLD                       GLD
2013-01-01 open Income:US:ETrade:Gains                      USD
2013-01-01 open Income:US:ETrade:Dividends                  USD

2013-09-18 * "Buy shares of VHT"
  Assets:US:ETrade:Cash                           -866.55 USD             
  Assets:US:ETrade:VHT                                 16 VHT {53.60 USD}
  Expenses:Financial:Commissions                     8.95 USD             

2013-09-18 * "Buy shares of VEA"
  Assets:US:ETrade:Cash                           -901.31 USD             
  Assets:US:ETrade:VEA                                 14 VEA {63.74 USD}
  Expenses:Financial:Commissions                     8.95 USD             

2013-09-18 * "Buy shares of ITOT"
  Assets:US:ETrade:Cash                           -818.55 USD              
  Assets:US:ETrade:ITOT                                 8 ITOT {101.20 USD}
  Expenses:Financial:Commissions                     8.95 USD              

2013-09-18 * "Dividends on portfolio"
  Assets:US:ETrade:Cash                             10.24 USD
  Income:US:ETrade:Dividends                       -10.24 USD

2013-10-21 * "Sell shares of ITOT"
  Assets:US:ETrade:ITOT                                -8 ITOT {101.20 USD} @ 105.75 USD
  Assets:US:ETrade:Cash                            837.05 USD                           
  Expenses:Financial:Commissions                     8.95 USD                           
  Income:US:ETrade:Gains                           -36.40 USD                           

2013-10-23 * "Buy shares of VHT"
  Assets:US:ETrade:Cash                          -1400.95 USD             
  Assets:US:ETrade:VHT                                 25 VHT {55.68 USD}
  Expenses:Financial:Commissions                     8.95 USD             

2013-10-23 * "Buy shares of GLD"
  Assets:US:ETrade:Cash                          -1278.67 USD              
  Assets:US:ETrade:GLD                                  9 GLD {141.08 USD}
  Expenses:Financial:Commissions                     8.95 USD              

2013-10-23 * "Buy shares of ITOT"
  Assets:US:ETrade:Cash                          -1383.70 USD              
  Assets:US:ETrade:ITOT                                13 ITOT {105.75 USD}
  Expenses:Financial:Commissions                     8.95 USD              

2013-10-23 * "Buy shares of VEA"
  Assets:US:ETrade:Cash                          -1362.73 USD             
  Assets:US:ETrade:VEA                                 23 VEA {58.86 USD}
  Expenses:Financial:Commissions                     8.95 USD             

2013-11-04 * "Sell shares of ITOT"
  Assets:US:ETrade:ITOT                               -13 ITOT {105.75 USD} @ 107.70 USD
  Assets:US:ETrade:Cash                           1391.15 USD                           
  Expenses:Financial:Commissions                     8.95 USD                           
  Income:US:ETrade:Gains                           -25.35 USD                           

2013-11-06 * "Buy shares of VHT"
  Assets:US:ETrade:Cash                          -1684.81 USD             
  Assets:US:ETrade:VHT                                 31 VHT {54.06 USD}
  Expenses:Financial:Commissions                     8.95 USD             

2013-12-17 * "Dividends on portfolio"
  Assets:US:ETrade:Cash                             38.50 USD
  Income:US:ETrade:Dividends                       -38.50 USD

2014-03-18 * "Dividends on portfolio"
  Assets:US:ETrade:Cash                             38.50 USD
  Income:US:ETrade:Dividends                       -38.50 USD

2014-04-23 * "Sell shares of GLD"
  Assets:US:ETrade:GLD                                 -9 GLD {141.08 USD} @ 139.14 USD
  Assets:US:ETrade:Cash                           1243.31 USD                           
  Expenses:Financial:Commissions                     8.95 USD                           
  Income:US:ETrade:Gains                            17.46 USD                           

2014-05-10 * "Sell shares of VHT"
  Assets:US:ETrade:VHT                                -25 VHT {55.68 USD} @ 50.07 USD
  Assets:US:ETrade:Cash                           1242.80 USD                         
  Expenses:Financial:Commissions                     8.95 USD                         
  Income:US:ETrade:Gains                           140.25 USD                         

2014-05-14 * "Sell shares of VEA"
  Assets:US:ETrade:VEA                                -14 VEA {63.74 USD} @ 54.80 USD
  Assets:US:ETrade:Cash                            758.25 USD                         
  Expenses:Financial:Commissions                     8.95 USD                         
  Income:US:ETrade:Gains                           125.16 USD                         

2014-05-23 * "Buy shares of GLD"
  Assets:US:ETrade:Cash                           -703.60 USD              
  Assets:US:ETrade:GLD                                  5 GLD {138.93 USD}
  Expenses:Financial:Commissions                     8.95 USD              

2014-05-23 * "Buy shares of VEA"
  Assets:US:ETrade:Cash                           -792.53 USD             
  Assets:US:ETrade:VEA                                 14 VEA {55.97 USD}
  Expenses:Financial:Commissions                     8.95 USD             

2014-05-23 * "Buy shares of VHT"
  Assets:US:ETrade:Cash                           -798.55 USD             
  Assets:US:ETrade:VHT                                 16 VHT {49.35 USD}
  Expenses:Financial:Commissions                     8.95 USD             

2014-05-23 * "Buy shares of ITOT"
  Assets:US:ETrade:Cash                           -731.00 USD              
  Assets:US:ETrade:ITOT                                 7 ITOT {103.15 USD}
  Expenses:Financial:Commissions                     8.95 USD              

2014-05-24 * "Sell shares of VHT"
  Assets:US:ETrade:VHT                                -31 VHT {54.06 USD} @ 49.35 USD
  Assets:US:ETrade:Cash                           1520.90 USD                         
  Expenses:Financial:Commissions                     8.95 USD                         
  Income:US:ETrade:Gains                           146.01 USD                         

2014-05-28 * "Buy shares of GLD"
  Assets:US:ETrade:Cash                           -425.74 USD              
  Assets:US:ETrade:GLD                                  3 GLD {138.93 USD}
  Expenses:Financial:Commissions                     8.95 USD              

2014-05-28 * "Buy shares of ITOT"
  Assets:US:ETrade:Cash                           -421.55 USD              
  Assets:US:ETrade:ITOT                                 4 ITOT {103.15 USD}
  Expenses:Financial:Commissions                     8.95 USD              

2014-05-28 * "Buy shares of VEA"
  Assets:US:ETrade:Cash                           -456.71 USD             
  Assets:US:ETrade:VEA                                  8 VEA {55.97 USD}
  Expenses:Financial:Commissions                     8.95 USD             

2014-06-18 * "Dividends on portfolio"
  Assets:US:ETrade:Cash                             55.57 USD
  Income:US:ETrade:Dividends                       -55.57 USD

2014-08-01 * "Buy shares of VHT"
  Assets:US:ETrade:Cash                          -1266.88 USD             
  Assets:US:ETrade:VHT                                 27 VHT {46.59 USD}
  Expenses:Financial:Commissions                     8.95 USD             

2014-08-01 * "Buy shares of ITOT"
  Assets:US:ETrade:Cash                          -1202.23 USD              
  Assets:US:ETrade:ITOT                                11 ITOT {108.48 USD}
  Expenses:Financial:Commissions                     8.95 USD              

2014-08-01 * "Buy shares of GLD"
  Assets:US:ETrade:Cash                          -1280.92 USD              
  Assets:US:ETrade:GLD                                  9 GLD {141.33 USD}
  Expenses:Financial:Commissions                     8.95 USD              

2014-08-21 * "Sell shares of VHT"
  Assets:US:ETrade:VHT                                -16 VHT {53.60 USD} @ 46.18 USD
  Assets:US:ETrade:Cash                            729.93 USD                         
  Expenses:Financial:Commissions                     8.95 USD                         
  Income:US:ETrade:Gains                           118.72 USD                         

2014-09-18 * "Dividends on portfolio"
  Assets:US:ETrade:Cash                             70.46 USD
  Income:US:ETrade:Dividends                       -70.46 USD

2014-09-29 * "Buy shares of GLD"
  Assets:US:ETrade:Cash                          -2361.11 USD              
  Assets:US:ETrade:GLD                                 16 GLD {147.01 USD}
  Expenses:Financial:Commissions                     8.95 USD              

2014-09-29 * "Buy shares of ITOT"
  Assets:US:ETrade:Cash                          -2366.41 USD              
  Assets:US:ETrade:ITOT                                21 ITOT {112.26 USD}
  Expenses:Financial:Commissions                     8.95 USD              

2014-11-13 * "Sell shares of VHT"
  Assets:US:ETrade:VHT                                -16 VHT {49.35 USD} @ 43.97 USD
  Assets:US:ETrade:Cash                            694.57 USD                         
  Expenses:Financial:Commissions                     8.95 USD                         
  Income:US:ETrade:Gains                            86.08 USD                         

2014-11-28 * "Sell shares of ITOT"
  Assets:US:ETrade:ITOT                               -11 ITOT {103.15 USD} @ 117.62 USD
  Assets:US:ETrade:Cash                           1284.87 USD                           
  Expenses:Financial:Commissions                     8.95 USD                           
  Income:US:ETrade:Gains                          -159.17 USD                           

2014-12-10 * "Buy shares of ITOT"
  Assets:US:ETrade:Cash                          -1433.47 USD              
  Assets:US:ETrade:ITOT                                12 ITOT {118.71 USD}
  Expenses:Financial:Commissions                     8.95 USD              

2014-12-10 * "Buy shares of GLD"
  Assets:US:ETrade:Cash                          -1507.95 USD              
  Assets:US:ETrade:GLD                                 10 GLD {149.90 USD}
  Expenses:Financial:Commissions                     8.95 USD              

2014-12-10 * "Buy shares of VHT"
  Assets:US:ETrade:Cash                          -1476.15 USD             
  Assets:US:ETrade:VHT                                 35 VHT {41.92 USD}
  Expenses:Financial:Commissions                     8.95 USD             

2014-12-10 * "Buy shares of VEA"
  Assets:US:ETrade:Cash                          -1483.67 USD             
  Assets:US:ETrade:VEA                                 26 VEA {56.72 USD}
  Expenses:Financial:Commissions                     8.95 USD             

2014-12-17 * "Dividends on portfolio"
  Assets:US:ETrade:Cash                            112.76 USD
  Income:US:ETrade:Dividends                      -112.76 USD

2015-01-25 * "Sell shares of ITOT"
  Assets:US:ETrade:ITOT                               -21 ITOT {112.26 USD} @ 121.50 USD
  Assets:US:ETrade:Cash                           2542.55 USD                           
  Expenses:Financial:Commissions                     8.95 USD                           
  Income:US:ETrade:Gains                          -194.04 USD                           

2015-02-05 * "Buy shares of VEA"
  Assets:US:ETrade:Cash                          -1387.20 USD             
  Assets:US:ETrade:VEA                                 25 VEA {55.13 USD}
  Expenses:Financial:Commissions                     8.95 USD             

2015-02-05 * "Buy shares of VHT"
  Assets:US:ETrade:Cash                          -1379.15 USD             
  Assets:US:ETrade:VHT                                 34 VHT {40.30 USD}
  Expenses:Financial:Commissions                     8.95 USD             

2015-03-18 * "Dividends on portfolio"
  Assets:US:ETrade:Cash                            123.76 USD
  Income:US:ETrade:Dividends                      -123.76 USD

2015-05-08 * "Sell shares of ITOT"
  Assets:US:ETrade:ITOT                               -11 ITOT {108.48 USD} @ 130.90 USD
  Assets:US:ETrade:Cash                           1430.95 USD                           
  Expenses:Financial:Commissions                     8.95 USD                           
  Income:US:ETrade:Gains                          -246.62 USD                           

2015-05-10 * "Buy shares of GLD"
  Assets:US:ETrade:Cash                           -389.29 USD              
  Assets:US:ETrade:GLD                                  3 GLD {126.78 USD}
  Expenses:Financial:Commissions                     8.95 USD              

2015-05-10 * "Buy shares of VHT"
  Assets:US:ETrade:Cash                           -407.38 USD             
  Assets:US:ETrade:VHT                                  9 VHT {44.27 USD}
  Expenses:Financial:Commissions                     8.95 USD             

2015-05-10 * "Buy shares of VEA"
  Assets:US:ETrade:Cash                           -389.47 USD             
  Assets:US:ETrade:VEA                                  7 VEA {54.36 USD}
  Expenses:Financial:Commissions                     8.95 USD             

2015-06-18 * "Dividends on portfolio"
  Assets:US:ETrade:Cash                            128.39 USD
  Income:US:ETrade:Dividends                      -128.39 USD

2015-07-08 * "Sell shares of ITOT"
  Assets:US:ETrade:ITOT                               -12 ITOT {118.71 USD} @ 138.95 USD
  Assets:US:ETrade:Cash                           1658.45 USD                           
  Expenses:Financial:Commissions                     8.95 USD                           
  Income:US:ETrade:Gains                          -242.88 USD                           

2015-07-10 * "Buy shares of VEA"
  Assets:US:ETrade:Cash                           -871.83 USD             
  Assets:US:ETrade:VEA                                 16 VEA {53.93 USD}
  Expenses:Financial:Commissions                     8.95 USD             

2015-07-10 * "Buy shares of VHT"
  Assets:US:ETrade:Cash                           -908.35 USD             
  Assets:US:ETrade:VHT                                 20 VHT {44.97 USD}
  Expenses:Financial:Commissions                     8.95 USD             

2015-08-16 * "Buy shares of ITOT"
  Assets:US:ETrade:Cash                          -1122.47 USD              
  Assets:US:ETrade:ITOT                                 8 ITOT {139.19 USD}
  Expenses:Financial:Commissions                     8.95 USD              

2015-08-16 * "Buy shares of GLD"
  Assets:US:ETrade:Cash                          -1177.87 USD              
  Assets:US:ETrade:GLD                                  9 GLD {129.88 USD}
  Expenses:Financial:Commissions                     8.95 USD              

2015-08-16 * "Buy shares of VHT"
  Assets:US:ETrade:Cash                          -1171.93 USD             
  Assets:US:ETrade:VHT                                 26 VHT {44.73 USD}
  Expenses:Financial:Commissions                     8.95 USD             

2015-09-18 * "Dividends on portfolio"
  Assets:US:ETrade:Cash                            149.23 USD
  Income:US:ETrade:Dividends                      -149.23 USD

2015-11-18 * "Buy shares of VHT"
  Assets:US:ETrade:Cash                           -974.49 USD             
  Assets:US:ETrade:VHT                                 23 VHT {41.98 USD}
  Expenses:Financial:Commissions                     8.95 USD             

2015-11-18 * "Buy shares of ITOT"
  Assets:US:ETrade:Cash                           -990.77 USD              
  Assets:US:ETrade:ITOT                                 7 ITOT {140.26 USD}
  Expenses:Financial:Commissions                     8.95 USD              

2015-11-18 * "Buy shares of VEA"
  Assets:US:ETrade:Cash                           -975.73 USD             
  Assets:US:ETrade:VEA                                 18 VEA {53.71 USD}
  Expenses:Financial:Commissions                     8.95 USD             

2015-11-18 * "Buy shares of GLD"
  Assets:US:ETrade:Cash                           -977.05 USD              
  Assets:US:ETrade:GLD                                  7 GLD {138.30 USD}
  Expenses:Financial:Commissions                     8.95 USD              

2015-11-19 * "Sell shares of GLD"
  Assets:US:ETrade:GLD                                 -9 GLD {129.88 USD} @ 138.30 USD
  Assets:US:ETrade:Cash                           1235.75 USD                           
  Expenses:Financial:Commissions                     8.95 USD                           
  Income:US:ETrade:Gains                           -75.78 USD                           

2015-11-26 * "Sell shares of GLD"
  Assets:US:ETrade:GLD                                -16 GLD {147.01 USD} @ 135.50 USD
  Assets:US:ETrade:Cash                           2159.05 USD                           
  Expenses:Financial:Commissions                     8.95 USD                           
  Income:US:ETrade:Gains                           184.16 USD                           

2015-12-02 * "Buy shares of GLD"
  Assets:US:ETrade:Cash                          -1898.39 USD              
  Assets:US:ETrade:GLD                                 14 GLD {134.96 USD}
  Expenses:Financial:Commissions                     8.95 USD              

2015-12-02 * "Buy shares of VHT"
  Assets:US:ETrade:Cash                          -1893.10 USD             
  Assets:US:ETrade:VHT                                 45 VHT {41.87 USD}
  Expenses:Financial:Commissions                     8.95 USD             

2015-12-02 * "Buy shares of VEA"
  Assets:US:ETrade:Cash                          -1874.45 USD             
  Assets:US:ETrade:VEA                                 35 VEA {53.30 USD}
  Expenses:Financial:Commissions                     8.95 USD             

2015-12-02 * "Buy shares of ITOT"
  Assets:US:ETrade:Cash                          -1843.12 USD              
  Assets:US:ETrade:ITOT                                13 ITOT {141.09 USD}
  Expenses:Financial:Commissions                     8.95 USD              

2015-12-04 * "Sell shares of VHT"
  Assets:US:ETrade:VHT                                -34 VHT {40.30 USD} @ 41.77 USD
  Assets:US:ETrade:Cash                           1411.23 USD                         
  Expenses:Financial:Commissions                     8.95 USD                         
  Income:US:ETrade:Gains                           -49.98 USD                         

2015-12-17 * "Dividends on portfolio"
  Assets:US:ETrade:Cash                            194.65 USD
  Income:US:ETrade:Dividends                      -194.65 USD



* Vanguard Investments

2013-01-01 open Assets:US:Vanguard:VBMPX                     VBMPX
  number: "882882"
2013-01-01 open Assets:US:Vanguard:RGAGX                     RGAGX
  number: "882882"
2013-01-01 open Assets:US:Vanguard                            USD
  address: "P.O. Box 1110, Valley Forge, PA 19482-1110"
  institution: "Vanguard Group"
  phone: "+1.800.523.1188"
2013-01-01 open Income:US:Hoogle:Match401k                   USD
2013-01-01 open Assets:US:Vanguard:Cash                       USD
  number: "882882"

2013-01-04 * "Employer match for contribution"
  Assets:US:Vanguard:Cash                          600.00 USD
  Income:US:Hoogle:Match401k                      -600.00 USD

2013-01-07 * "Investing 40% of cash in VBMPX"
  Assets:US:Vanguard:VBMPX                          6.811 VBMPX {70.47 USD}
  Assets:US:Vanguard:Cash                         -479.97 USD               

2013-01-07 * "Investing 60% of cash in RGAGX"
  Assets:US:Vanguard:RGAGX                          4.709 RGAGX {152.91 USD}
  Assets:US:Vanguard:Cash                         -720.05 USD                

2013-01-07 * "Investing 40% of cash in VBMPX"
  Assets:US:Vanguard:VBMPX                          3.406 VBMPX {70.47 USD}
  Assets:US:Vanguard:Cash                         -240.02 USD               

2013-01-07 * "Investing 60% of cash in RGAGX"
  Assets:US:Vanguard:RGAGX                          2.354 RGAGX {152.91 USD}
  Assets:US:Vanguard:Cash                         -359.95 USD                

2013-01-18 * "Employer match for contribution"
  Assets:US:Vanguard:Cash                          600.00 USD
  Income:US:Hoogle:Match401k                      -600.00 USD

2013-01-21 * "Investing 40% of cash in VBMPX"
  Assets:US:Vanguard:VBMPX                          6.750 VBMPX {71.11 USD}
  Assets:US:Vanguard:Cash                         -479.99 USD               

2013-01-21 * "Investing 60% of cash in RGAGX"
  Assets:US:Vanguard:RGAGX                          4.840 RGAGX {148.76 USD}
  Assets:US:Vanguard:Cash                         -720.00 USD                

2013-01-21 * "Investing 40% of cash in VBMPX"
  Assets:US:Vanguard:VBMPX                          3.375 VBMPX {71.11 USD}
  Assets:US:Vanguard:Cash                         -240.00 USD               

2013-01-21 * "Investing 60% of cash in RGAGX"
  Assets:US:Vanguard:RGAGX                          2.420 RGAGX {148.76 USD}
  Assets:US:Vanguard:Cash                         -360.00 USD                

2013-02-01 * "Employer match for contribution"
  Assets:US:Vanguard:Cash                          600.00 USD
  Income:US:Hoogle:Match401k                      -600.00 USD

2013-02-04 * "Investing 40% of cash in VBMPX"
  Assets:US:Vanguard:VBMPX                          6.803 VBMPX {70.56 USD}
  Assets:US:Vanguard:Cash                         -480.02 USD               

2013-02-04 * "Investing 60% of cash in RGAGX"
  Assets:US:Vanguard:RGAGX                          4.847 RGAGX {148.54 USD}
  Assets:US:Vanguard:Cash                         -719.97 USD                

2013-02-04 * "Investing 40% of cash in VBMPX"
  Assets:US:Vanguard:VBMPX                          3.402 VBMPX {70.56 USD}
  Assets:US:Vanguard:Cash                         -240.05 USD               

2013-02-04 * "Investing 60% of cash in RGAGX"
  Assets:US:Vanguard:RGAGX                          2.424 RGAGX {148.54 USD}
  Assets:US:Vanguard:Cash                         -360.06 USD                

2013-02-15 * "Employer match for contribution"
  Assets:US:Vanguard:Cash                          600.00 USD
  Income:US:Hoogle:Match401k                      -600.00 USD

2013-02-18 * "Investing 40% of cash in VBMPX"
  Assets:US:Vanguard:VBMPX                          6.754 VBMPX {71.06 USD}
  Assets:US:Vanguard:Cash                         -479.94 USD               

2013-02-18 * "Investing 60% of cash in RGAGX"
  Assets:US:Vanguard:RGAGX                          4.905 RGAGX {146.78 USD}
  Assets:US:Vanguard:Cash                         -719.96 USD                

2013-02-18 * "Investing 40% of cash in VBMPX"
  Assets:US:Vanguard:VBMPX                          3.378 VBMPX {71.06 USD}
  Assets:US:Vanguard:Cash                         -240.04 USD               

2013-02-18 * "Investing 60% of cash in RGAGX"
  Assets:US:Vanguard:RGAGX                          2.453 RGAGX {146.78 USD}
  Assets:US:Vanguard:Cash                         -360.05 USD                

2013-03-01 * "Employer match for contribution"
  Assets:US:Vanguard:Cash                          600.00 USD
  Income:US:Hoogle:Match401k                      -600.00 USD

2013-03-04 * "Investing 40% of cash in VBMPX"
  Assets:US:Vanguard:VBMPX                          6.762 VBMPX {70.98 USD}
  Assets:US:Vanguard:Cash                         -479.97 USD               

2013-03-04 * "Investing 60% of cash in RGAGX"
  Assets:US:Vanguard:RGAGX                          4.862 RGAGX {148.08 USD}
  Assets:US:Vanguard:Cash                         -719.96 USD                

2013-03-04 * "Investing 40% of cash in VBMPX"
  Assets:US:Vanguard:VBMPX                          3.381 VBMPX {70.98 USD}
  Assets:US:Vanguard:Cash                         -239.98 USD               

2013-03-04 * "Investing 60% of cash in RGAGX"
  Assets:US:Vanguard:RGAGX                          2.431 RGAGX {148.08 USD}
  Assets:US:Vanguard:Cash                         -359.98 USD                

2013-03-15 * "Employer match for contribution"
  Assets:US:Vanguard:Cash                          600.00 USD
  Income:US:Hoogle:Match401k                      -600.00 USD

2013-03-18 * "Investing 40% of cash in VBMPX"
  Assets:US:Vanguard:VBMPX                          6.839 VBMPX {70.19 USD}
  Assets:US:Vanguard:Cash                         -480.03 USD               

2013-03-18 * "Investing 60% of cash in RGAGX"
  Assets:US:Vanguard:RGAGX                          4.786 RGAGX {150.45 USD}
  Assets:US:Vanguard:Cash                         -720.05 USD                

2013-03-18 * "Investing 40% of cash in VBMPX"
  Assets:US:Vanguard:VBMPX                          3.419 VBMPX {70.19 USD}
  Assets:US:Vanguard:Cash                         -239.98 USD               

2013-03-18 * "Investing 60% of cash in RGAGX"
  Assets:US:Vanguard:RGAGX                          2.393 RGAGX {150.45 USD}
  Assets:US:Vanguard:Cash                         -360.03 USD                

2013-03-29 * "Employer match for contribution"
  Assets:US:Vanguard:Cash                          600.00 USD
  Income:US:Hoogle:Match401k                      -600.00 USD

2013-04-01 * "Investing 40% of cash in VBMPX"
  Assets:US:Vanguard:VBMPX                          6.753 VBMPX {71.08 USD}
  Assets:US:Vanguard:Cash                         -480.00 USD               

2013-04-01 * "Investing 60% of cash in RGAGX"
  Assets:US:Vanguard:RGAGX                          4.813 RGAGX {149.59 USD}
  Assets:US:Vanguard:Cash                         -719.98 USD                

2013-04-01 * "Investing 40% of cash in VBMPX"
  Assets:US:Vanguard:VBMPX                          3.376 VBMPX {71.08 USD}
  Assets:US:Vanguard:Cash                         -239.97 USD               

2013-04-01 * "Investing 60% of cash in RGAGX"
  Assets:US:Vanguard:RGAGX                          2.406 RGAGX {149.59 USD}
  Assets:US:Vanguard:Cash                         -359.91 USD                

2013-04-12 * "Employer match for contribution"
  Assets:US:Vanguard:Cash                          600.00 USD
  Income:US:Hoogle:Match401k                      -600.00 USD

2013-04-15 * "Investing 40% of cash in VBMPX"
  Assets:US:Vanguard:VBMPX                          6.675 VBMPX {71.92 USD}
  Assets:US:Vanguard:Cash                         -480.07 USD               

2013-04-15 * "Investing 60% of cash in RGAGX"
  Assets:US:Vanguard:RGAGX                          4.974 RGAGX {144.77 USD}
  Assets:US:Vanguard:Cash                         -720.09 USD                

2013-04-15 * "Investing 40% of cash in VBMPX"
  Assets:US:Vanguard:VBMPX                          3.337 VBMPX {71.92 USD}
  Assets:US:Vanguard:Cash                         -240.00 USD               

2013-04-15 * "Investing 60% of cash in RGAGX"
  Assets:US:Vanguard:RGAGX                          2.486 RGAGX {144.77 USD}
  Assets:US:Vanguard:Cash                         -359.90 USD                

2013-04-26 * "Employer match for contribution"
  Assets:US:Vanguard:Cash                          600.00 USD
  Income:US:Hoogle:Match401k                      -600.00 USD

2013-04-29 * "Investing 40% of cash in VBMPX"
  Assets:US:Vanguard:VBMPX                          6.675 VBMPX {71.91 USD}
  Assets:US:Vanguard:Cash                         -480.00 USD               

2013-04-29 * "Investing 60% of cash in RGAGX"
  Assets:US:Vanguard:RGAGX                          5.043 RGAGX {142.77 USD}
  Assets:US:Vanguard:Cash                         -719.99 USD                

2013-04-29 * "Investing 40% of cash in VBMPX"
  Assets:US:Vanguard:VBMPX                          3.338 VBMPX {71.91 USD}
  Assets:US:Vanguard:Cash                         -240.04 USD               

2013-04-29 * "Investing 60% of cash in RGAGX"
  Assets:US:Vanguard:RGAGX                          2.522 RGAGX {142.77 USD}
  Assets:US:Vanguard:Cash                         -360.07 USD                

2013-05-10 * "Employer match for contribution"
  Assets:US:Vanguard:Cash                          600.00 USD
  Income:US:Hoogle:Match401k                      -600.00 USD

2013-05-13 * "Investing 40% of cash in VBMPX"
  Assets:US:Vanguard:VBMPX                          6.687 VBMPX {71.78 USD}
  Assets:US:Vanguard:Cash                         -479.99 USD               

2013-05-13 * "Investing 60% of cash in RGAGX"
  Assets:US:Vanguard:RGAGX                          4.945 RGAGX {145.58 USD}
  Assets:US:Vanguard:Cash                         -719.89 USD                

2013-05-13 * "Investing 40% of cash in VBMPX"
  Assets:US:Vanguard:VBMPX                          3.344 VBMPX {71.78 USD}
  Assets:US:Vanguard:Cash                         -240.03 USD               

2013-05-13 * "Investing 60% of cash in RGAGX"
  Assets:US:Vanguard:RGAGX                          2.473 RGAGX {145.58 USD}
  Assets:US:Vanguard:Cash                         -360.02 USD                

2013-05-24 * "Employer match for contribution"
  Assets:US:Vanguard:Cash                          600.00 USD
  Income:US:Hoogle:Match401k                      -600.00 USD

2013-05-27 * "Investing 40% of cash in VBMPX"
  Assets:US:Vanguard:VBMPX                          6.662 VBMPX {72.05 USD}
  Assets:US:Vanguard:Cash                         -480.00 USD               

2013-05-27 * "Investing 60% of cash in RGAGX"
  Assets:US:Vanguard:RGAGX                          5.014 RGAGX {143.59 USD}
  Assets:US:Vanguard:Cash                         -719.96 USD                

2013-05-27 * "Investing 40% of cash in VBMPX"
  Assets:US:Vanguard:VBMPX                          3.331 VBMPX {72.05 USD}
  Assets:US:Vanguard:Cash                         -240.00 USD               

2013-05-27 * "Investing 60% of cash in RGAGX"
  Assets:US:Vanguard:RGAGX                          2.507 RGAGX {143.59 USD}
  Assets:US:Vanguard:Cash                         -359.98 USD                

2013-06-07 * "Employer match for contribution"
  Assets:US:Vanguard:Cash                          600.00 USD
  Income:US:Hoogle:Match401k                      -600.00 USD

2013-06-10 * "Investing 40% of cash in VBMPX"
  Assets:US:Vanguard:VBMPX                          6.673 VBMPX {71.93 USD}
  Assets:US:Vanguard:Cash                         -479.99 USD               

2013-06-10 * "Investing 60% of cash in RGAGX"
  Assets:US:Vanguard:RGAGX                          5.087 RGAGX {141.54 USD}
  Assets:US:Vanguard:Cash                         -720.01 USD                

2013-06-10 * "Investing 40% of cash in VBMPX"
  Assets:US:Vanguard:VBMPX                          3.337 VBMPX {71.93 USD}
  Assets:US:Vanguard:Cash                         -240.03 USD               

2013-06-10 * "Investing 60% of cash in RGAGX"
  Assets:US:Vanguard:RGAGX                          2.544 RGAGX {141.54 USD}
  Assets:US:Vanguard:Cash                         -360.08 USD                

2013-06-21 * "Employer match for contribution"
  Assets:US:Vanguard:Cash                          600.00 USD
  Income:US:Hoogle:Match401k                      -600.00 USD

2013-06-24 * "Investing 40% of cash in VBMPX"
  Assets:US:Vanguard:VBMPX                          6.609 VBMPX {72.62 USD}
  Assets:US:Vanguard:Cash                         -479.95 USD               

2013-06-24 * "Investing 60% of cash in RGAGX"
  Assets:US:Vanguard:RGAGX                          5.038 RGAGX {142.90 USD}
  Assets:US:Vanguard:Cash                         -719.93 USD                

2013-06-24 * "Investing 40% of cash in VBMPX"
  Assets:US:Vanguard:VBMPX                          3.305 VBMPX {72.62 USD}
  Assets:US:Vanguard:Cash                         -240.01 USD               

2013-06-24 * "Investing 60% of cash in RGAGX"
  Assets:US:Vanguard:RGAGX                          2.520 RGAGX {142.90 USD}
  Assets:US:Vanguard:Cash                         -360.11 USD                

2013-07-05 * "Employer match for contribution"
  Assets:US:Vanguard:Cash                          600.00 USD
  Income:US:Hoogle:Match401k                      -600.00 USD

2013-07-08 * "Investing 40% of cash in VBMPX"
  Assets:US:Vanguard:VBMPX                          6.560 VBMPX {73.17 USD}
  Assets:US:Vanguard:Cash                         -480.00 USD               

2013-07-08 * "Investing 60% of cash in RGAGX"
  Assets:US:Vanguard:RGAGX                          4.924 RGAGX {146.23 USD}
  Assets:US:Vanguard:Cash                         -720.04 USD                

2013-07-08 * "Investing 40% of cash in VBMPX"
  Assets:US:Vanguard:VBMPX                          3.280 VBMPX {73.17 USD}
  Assets:US:Vanguard:Cash                         -240.00 USD               

2013-07-08 * "Investing 60% of cash in RGAGX"
  Assets:US:Vanguard:RGAGX                          2.462 RGAGX {146.23 USD}
  Assets:US:Vanguard:Cash                         -360.02 USD                

2013-07-19 * "Employer match for contribution"
  Assets:US:Vanguard:Cash                          350.00 USD
  Income:US:Hoogle:Match401k                      -350.00 USD

2013-07-22 * "Investing 40% of cash in VBMPX"
  Assets:US:Vanguard:VBMPX                          3.827 VBMPX {73.15 USD}
  Assets:US:Vanguard:Cash                         -279.95 USD               

2013-07-22 * "Investing 60% of cash in RGAGX"
  Assets:US:Vanguard:RGAGX                          2.948 RGAGX {142.45 USD}
  Assets:US:Vanguard:Cash                         -419.94 USD                

2013-07-22 * "Investing 40% of cash in VBMPX"
  Assets:US:Vanguard:VBMPX                          1.914 VBMPX {73.15 USD}
  Assets:US:Vanguard:Cash                         -140.01 USD               

2013-07-22 * "Investing 60% of cash in RGAGX"
  Assets:US:Vanguard:RGAGX                          1.474 RGAGX {142.45 USD}
  Assets:US:Vanguard:Cash                         -209.97 USD                

2014-01-03 * "Employer match for contribution"
  Assets:US:Vanguard:Cash                          600.00 USD
  Income:US:Hoogle:Match401k                      -600.00 USD

2014-01-06 * "Investing 40% of cash in VBMPX"
  Assets:US:Vanguard:VBMPX                          6.303 VBMPX {76.15 USD}
  Assets:US:Vanguard:Cash                         -479.97 USD               

2014-01-06 * "Investing 60% of cash in RGAGX"
  Assets:US:Vanguard:RGAGX                          4.535 RGAGX {158.76 USD}
  Assets:US:Vanguard:Cash                         -719.98 USD                

2014-01-06 * "Investing 40% of cash in VBMPX"
  Assets:US:Vanguard:VBMPX                          3.152 VBMPX {76.15 USD}
  Assets:US:Vanguard:Cash                         -240.02 USD               

2014-01-06 * "Investing 60% of cash in RGAGX"
  Assets:US:Vanguard:RGAGX                          2.268 RGAGX {158.76 USD}
  Assets:US:Vanguard:Cash                         -360.07 USD                

2014-01-17 * "Employer match for contribution"
  Assets:US:Vanguard:Cash                          600.00 USD
  Income:US:Hoogle:Match401k                      -600.00 USD

2014-01-20 * "Investing 40% of cash in VBMPX"
  Assets:US:Vanguard:VBMPX                          6.410 VBMPX {74.88 USD}
  Assets:US:Vanguard:Cash                         -479.98 USD               

2014-01-20 * "Investing 60% of cash in RGAGX"
  Assets:US:Vanguard:RGAGX                          4.629 RGAGX {155.53 USD}
  Assets:US:Vanguard:Cash                         -719.95 USD                

2014-01-20 * "Investing 40% of cash in VBMPX"
  Assets:US:Vanguard:VBMPX                          3.205 VBMPX {74.88 USD}
  Assets:US:Vanguard:Cash                         -239.99 USD               

2014-01-20 * "Investing 60% of cash in RGAGX"
  Assets:US:Vanguard:RGAGX                          2.315 RGAGX {155.53 USD}
  Assets:US:Vanguard:Cash                         -360.05 USD                

2014-01-31 * "Employer match for contribution"
  Assets:US:Vanguard:Cash                          600.00 USD
  Income:US:Hoogle:Match401k                      -600.00 USD

2014-02-03 * "Investing 40% of cash in VBMPX"
  Assets:US:Vanguard:VBMPX                          6.334 VBMPX {75.78 USD}
  Assets:US:Vanguard:Cash                         -479.99 USD               

2014-02-03 * "Investing 60% of cash in RGAGX"
  Assets:US:Vanguard:RGAGX                          4.621 RGAGX {155.82 USD}
  Assets:US:Vanguard:Cash                         -720.04 USD                

2014-02-03 * "Investing 40% of cash in VBMPX"
  Assets:US:Vanguard:VBMPX                          3.167 VBMPX {75.78 USD}
  Assets:US:Vanguard:Cash                         -240.00 USD               

2014-02-03 * "Investing 60% of cash in RGAGX"
  Assets:US:Vanguard:RGAGX                          2.310 RGAGX {155.82 USD}
  Assets:US:Vanguard:Cash                         -359.94 USD                

2014-02-14 * "Employer match for contribution"
  Assets:US:Vanguard:Cash                          600.00 USD
  Income:US:Hoogle:Match401k                      -600.00 USD

2014-02-17 * "Investing 40% of cash in VBMPX"
  Assets:US:Vanguard:VBMPX                          6.369 VBMPX {75.37 USD}
  Assets:US:Vanguard:Cash                         -480.03 USD               

2014-02-17 * "Investing 60% of cash in RGAGX"
  Assets:US:Vanguard:RGAGX                          4.506 RGAGX {159.79 USD}
  Assets:US:Vanguard:Cash                         -720.01 USD                

2014-02-17 * "Investing 40% of cash in VBMPX"
  Assets:US:Vanguard:VBMPX                          3.184 VBMPX {75.37 USD}
  Assets:US:Vanguard:Cash                         -239.98 USD               

2014-02-17 * "Investing 60% of cash in RGAGX"
  Assets:US:Vanguard:RGAGX                          2.253 RGAGX {159.79 USD}
  Assets:US:Vanguard:Cash                         -360.01 USD                

2014-02-28 * "Employer match for contribution"
  Assets:US:Vanguard:Cash                          600.00 USD
  Income:US:Hoogle:Match401k                      -600.00 USD

2014-03-03 * "Investing 40% of cash in VBMPX"
  Assets:US:Vanguard:VBMPX                          6.308 VBMPX {76.10 USD}
  Assets:US:Vanguard:Cash                         -480.04 USD               

2014-03-03 * "Investing 60% of cash in RGAGX"
  Assets:US:Vanguard:RGAGX                          4.456 RGAGX {161.58 USD}
  Assets:US:Vanguard:Cash                         -720.00 USD                

2014-03-03 * "Investing 40% of cash in VBMPX"
  Assets:US:Vanguard:VBMPX                          3.154 VBMPX {76.10 USD}
  Assets:US:Vanguard:Cash                         -240.02 USD               

2014-03-03 * "Investing 60% of cash in RGAGX"
  Assets:US:Vanguard:RGAGX                          2.228 RGAGX {161.58 USD}
  Assets:US:Vanguard:Cash                         -360.00 USD                

2014-03-14 * "Employer match for contribution"
  Assets:US:Vanguard:Cash                          600.00 USD
  Income:US:Hoogle:Match401k                      -600.00 USD

2014-03-17 * "Investing 40% of cash in VBMPX"
  Assets:US:Vanguard:VBMPX                          6.341 VBMPX {75.69 USD}
  Assets:US:Vanguard:Cash                         -479.95 USD               

2014-03-17 * "Investing 60% of cash in RGAGX"
  Assets:US:Vanguard:RGAGX                          4.544 RGAGX {158.46 USD}
  Assets:US:Vanguard:Cash                         -720.04 USD                

2014-03-17 * "Investing 40% of cash in VBMPX"
  Assets:US:Vanguard:VBMPX                          3.171 VBMPX {75.69 USD}
  Assets:US:Vanguard:Cash                         -240.01 USD               

2014-03-17 * "Investing 60% of cash in RGAGX"
  Assets:US:Vanguard:RGAGX                          2.272 RGAGX {158.46 USD}
  Assets:US:Vanguard:Cash                         -360.02 USD                

2014-03-28 * "Employer match for contribution"
  Assets:US:Vanguard:Cash                          600.00 USD
  Income:US:Hoogle:Match401k                      -600.00 USD

2014-03-31 * "Investing 40% of cash in VBMPX"
  Assets:US:Vanguard:VBMPX                          6.327 VBMPX {75.86 USD}
  Assets:US:Vanguard:Cash                         -479.97 USD               

2014-03-31 * "Investing 60% of cash in RGAGX"
  Assets:US:Vanguard:RGAGX                          4.441 RGAGX {162.12 USD}
  Assets:US:Vanguard:Cash                         -719.97 USD                

2014-03-31 * "Investing 40% of cash in VBMPX"
  Assets:US:Vanguard:VBMPX                          3.164 VBMPX {75.86 USD}
  Assets:US:Vanguard:Cash                         -240.02 USD               

2014-03-31 * "Investing 60% of cash in RGAGX"
  Assets:US:Vanguard:RGAGX                          2.221 RGAGX {162.12 USD}
  Assets:US:Vanguard:Cash                         -360.07 USD                

2014-04-11 * "Employer match for contribution"
  Assets:US:Vanguard:Cash                          600.00 USD
  Income:US:Hoogle:Match401k                      -600.00 USD

2014-04-14 * "Investing 40% of cash in VBMPX"
  Assets:US:Vanguard:VBMPX                          6.301 VBMPX {76.17 USD}
  Assets:US:Vanguard:Cash                         -479.95 USD               

2014-04-14 * "Investing 60% of cash in RGAGX"
  Assets:US:Vanguard:RGAGX                          4.427 RGAGX {162.62 USD}
  Assets:US:Vanguard:Cash                         -719.92 USD                

2014-04-14 * "Investing 40% of cash in VBMPX"
  Assets:US:Vanguard:VBMPX                          3.151 VBMPX {76.17 USD}
  Assets:US:Vanguard:Cash                         -240.01 USD               

2014-04-14 * "Investing 60% of cash in RGAGX"
  Assets:US:Vanguard:RGAGX                          2.214 RGAGX {162.62 USD}
  Assets:US:Vanguard:Cash                         -360.04 USD                

2014-04-25 * "Employer match for contribution"
  Assets:US:Vanguard:Cash                          600.00 USD
  Income:US:Hoogle:Match401k                      -600.00 USD

2014-04-28 * "Investing 40% of cash in VBMPX"
  Assets:US:Vanguard:VBMPX                          6.215 VBMPX {77.23 USD}
  Assets:US:Vanguard:Cash                         -479.98 USD               

2014-04-28 * "Investing 60% of cash in RGAGX"
  Assets:US:Vanguard:RGAGX                          4.380 RGAGX {164.39 USD}
  Assets:US:Vanguard:Cash                         -720.03 USD                

2014-04-28 * "Investing 40% of cash in VBMPX"
  Assets:US:Vanguard:VBMPX                          3.107 VBMPX {77.23 USD}
  Assets:US:Vanguard:Cash                         -239.95 USD               

2014-04-28 * "Investing 60% of cash in RGAGX"
  Assets:US:Vanguard:RGAGX                          2.190 RGAGX {164.39 USD}
  Assets:US:Vanguard:Cash                         -360.01 USD                

2014-05-09 * "Employer match for contribution"
  Assets:US:Vanguard:Cash                          600.00 USD
  Income:US:Hoogle:Match401k                      -600.00 USD

2014-05-12 * "Investing 40% of cash in VBMPX"
  Assets:US:Vanguard:VBMPX                          6.191 VBMPX {77.53 USD}
  Assets:US:Vanguard:Cash                         -479.99 USD               

2014-05-12 * "Investing 60% of cash in RGAGX"
  Assets:US:Vanguard:RGAGX                          4.265 RGAGX {168.80 USD}
  Assets:US:Vanguard:Cash                         -719.93 USD                

2014-05-12 * "Investing 40% of cash in VBMPX"
  Assets:US:Vanguard:VBMPX                          3.096 VBMPX {77.53 USD}
  Assets:US:Vanguard:Cash                         -240.03 USD               

2014-05-12 * "Investing 60% of cash in RGAGX"
  Assets:US:Vanguard:RGAGX                          2.133 RGAGX {168.80 USD}
  Assets:US:Vanguard:Cash                         -360.05 USD                

2014-05-23 * "Employer match for contribution"
  Assets:US:Vanguard:Cash                          600.00 USD
  Income:US:Hoogle:Match401k                      -600.00 USD

2014-05-26 * "Investing 40% of cash in VBMPX"
  Assets:US:Vanguard:VBMPX                          6.176 VBMPX {77.72 USD}
  Assets:US:Vanguard:Cash                         -480.00 USD               

2014-05-26 * "Investing 60% of cash in RGAGX"
  Assets:US:Vanguard:RGAGX                          4.173 RGAGX {172.55 USD}
  Assets:US:Vanguard:Cash                         -720.05 USD                

2014-05-26 * "Investing 40% of cash in VBMPX"
  Assets:US:Vanguard:VBMPX                          3.088 VBMPX {77.72 USD}
  Assets:US:Vanguard:Cash                         -240.00 USD               

2014-05-26 * "Investing 60% of cash in RGAGX"
  Assets:US:Vanguard:RGAGX                          2.086 RGAGX {172.55 USD}
  Assets:US:Vanguard:Cash                         -359.94 USD                

2014-06-06 * "Employer match for contribution"
  Assets:US:Vanguard:Cash                          600.00 USD
  Income:US:Hoogle:Match401k                      -600.00 USD

2014-06-09 * "Investing 40% of cash in VBMPX"
  Assets:US:Vanguard:VBMPX                          6.081 VBMPX {78.94 USD}
  Assets:US:Vanguard:Cash                         -480.03 USD               

2014-06-09 * "Investing 60% of cash in RGAGX"
  Assets:US:Vanguard:RGAGX                          4.159 RGAGX {173.11 USD}
  Assets:US:Vanguard:Cash                         -719.96 USD                

2014-06-09 * "Investing 40% of cash in VBMPX"
  Assets:US:Vanguard:VBMPX                          3.040 VBMPX {78.94 USD}
  Assets:US:Vanguard:Cash                         -239.98 USD               

2014-06-09 * "Investing 60% of cash in RGAGX"
  Assets:US:Vanguard:RGAGX                          2.080 RGAGX {173.11 USD}
  Assets:US:Vanguard:Cash                         -360.07 USD                

2014-06-20 * "Employer match for contribution"
  Assets:US:Vanguard:Cash                          600.00 USD
  Income:US:Hoogle:Match401k                      -600.00 USD

2014-06-23 * "Investing 40% of cash in VBMPX"
  Assets:US:Vanguard:VBMPX                          6.051 VBMPX {79.33 USD}
  Assets:US:Vanguard:Cash                         -480.03 USD               

2014-06-23 * "Investing 60% of cash in RGAGX"
  Assets:US:Vanguard:RGAGX                          4.145 RGAGX {173.71 USD}
  Assets:US:Vanguard:Cash                         -720.03 USD                

2014-06-23 * "Investing 40% of cash in VBMPX"
  Assets:US:Vanguard:VBMPX                          3.025 VBMPX {79.33 USD}
  Assets:US:Vanguard:Cash                         -239.97 USD               

2014-06-23 * "Investing 60% of cash in RGAGX"
  Assets:US:Vanguard:RGAGX                          2.072 RGAGX {173.71 USD}
  Assets:US:Vanguard:Cash                         -359.93 USD                

2014-07-04 * "Employer match for contribution"
  Assets:US:Vanguard:Cash                          600.00 USD
  Income:US:Hoogle:Match401k                      -600.00 USD

2014-07-07 * "Investing 40% of cash in VBMPX"
  Assets:US:Vanguard:VBMPX                          6.036 VBMPX {79.53 USD}
  Assets:US:Vanguard:Cash                         -480.04 USD               

2014-07-07 * "Investing 60% of cash in RGAGX"
  Assets:US:Vanguard:RGAGX                          4.070 RGAGX {176.92 USD}
  Assets:US:Vanguard:Cash                         -720.06 USD                

2014-07-07 * "Investing 40% of cash in VBMPX"
  Assets:US:Vanguard:VBMPX                          3.017 VBMPX {79.53 USD}
  Assets:US:Vanguard:Cash                         -239.94 USD               

2014-07-07 * "Investing 60% of cash in RGAGX"
  Assets:US:Vanguard:RGAGX                          2.035 RGAGX {176.92 USD}
  Assets:US:Vanguard:Cash                         -360.03 USD                

2014-07-18 * "Employer match for contribution"
  Assets:US:Vanguard:Cash                          350.00 USD
  Income:US:Hoogle:Match401k                      -350.00 USD

2014-07-21 * "Investing 40% of cash in VBMPX"
  Assets:US:Vanguard:VBMPX                          3.465 VBMPX {80.80 USD}
  Assets:US:Vanguard:Cash                         -279.97 USD               

2014-07-21 * "Investing 60% of cash in RGAGX"
  Assets:US:Vanguard:RGAGX                          2.412 RGAGX {174.14 USD}
  Assets:US:Vanguard:Cash                         -420.03 USD                

2014-07-21 * "Investing 40% of cash in VBMPX"
  Assets:US:Vanguard:VBMPX                          1.732 VBMPX {80.80 USD}
  Assets:US:Vanguard:Cash                         -139.95 USD               

2014-07-21 * "Investing 60% of cash in RGAGX"
  Assets:US:Vanguard:RGAGX                          1.206 RGAGX {174.14 USD}
  Assets:US:Vanguard:Cash                         -210.01 USD                

2015-01-02 * "Employer match for contribution"
  Assets:US:Vanguard:Cash                          600.00 USD
  Income:US:Hoogle:Match401k                      -600.00 USD

2015-01-05 * "Investing 40% of cash in VBMPX"
  Assets:US:Vanguard:VBMPX                          5.940 VBMPX {80.81 USD}
  Assets:US:Vanguard:Cash                         -480.01 USD               

2015-01-05 * "Investing 60% of cash in RGAGX"
  Assets:US:Vanguard:RGAGX                          3.628 RGAGX {198.46 USD}
  Assets:US:Vanguard:Cash                         -720.01 USD                

2015-01-05 * "Investing 40% of cash in VBMPX"
  Assets:US:Vanguard:VBMPX                          2.970 VBMPX {80.81 USD}
  Assets:US:Vanguard:Cash                         -240.01 USD               

2015-01-05 * "Investing 60% of cash in RGAGX"
  Assets:US:Vanguard:RGAGX                          1.814 RGAGX {198.46 USD}
  Assets:US:Vanguard:Cash                         -360.01 USD                

2015-01-16 * "Employer match for contribution"
  Assets:US:Vanguard:Cash                          600.00 USD
  Income:US:Hoogle:Match401k                      -600.00 USD

2015-01-19 * "Investing 40% of cash in VBMPX"
  Assets:US:Vanguard:VBMPX                          5.989 VBMPX {80.15 USD}
  Assets:US:Vanguard:Cash                         -480.02 USD               

2015-01-19 * "Investing 60% of cash in RGAGX"
  Assets:US:Vanguard:RGAGX                          3.668 RGAGX {196.28 USD}
  Assets:US:Vanguard:Cash                         -719.96 USD                

2015-01-19 * "Investing 40% of cash in VBMPX"
  Assets:US:Vanguard:VBMPX                          2.994 VBMPX {80.15 USD}
  Assets:US:Vanguard:Cash                         -239.97 USD               

2015-01-19 * "Investing 60% of cash in RGAGX"
  Assets:US:Vanguard:RGAGX                          1.834 RGAGX {196.28 USD}
  Assets:US:Vanguard:Cash                         -359.98 USD                

2015-01-30 * "Employer match for contribution"
  Assets:US:Vanguard:Cash                          600.00 USD
  Income:US:Hoogle:Match401k                      -600.00 USD

2015-02-02 * "Investing 40% of cash in VBMPX"
  Assets:US:Vanguard:VBMPX                          5.936 VBMPX {80.86 USD}
  Assets:US:Vanguard:Cash                         -479.98 USD               

2015-02-02 * "Investing 60% of cash in RGAGX"
  Assets:US:Vanguard:RGAGX                          3.639 RGAGX {197.87 USD}
  Assets:US:Vanguard:Cash                         -720.05 USD                

2015-02-02 * "Investing 40% of cash in VBMPX"
  Assets:US:Vanguard:VBMPX                          2.968 VBMPX {80.86 USD}
  Assets:US:Vanguard:Cash                         -239.99 USD               

2015-02-02 * "Investing 60% of cash in RGAGX"
  Assets:US:Vanguard:RGAGX                          1.819 RGAGX {197.87 USD}
  Assets:US:Vanguard:Cash                         -359.93 USD                

2015-02-13 * "Employer match for contribution"
  Assets:US:Vanguard:Cash                          600.00 USD
  Income:US:Hoogle:Match401k                      -600.00 USD

2015-02-16 * "Investing 40% of cash in VBMPX"
  Assets:US:Vanguard:VBMPX                          5.891 VBMPX {81.49 USD}
  Assets:US:Vanguard:Cash                         -480.06 USD               

2015-02-16 * "Investing 60% of cash in RGAGX"
  Assets:US:Vanguard:RGAGX                          3.507 RGAGX {205.31 USD}
  Assets:US:Vanguard:Cash                         -720.02 USD                

2015-02-16 * "Investing 40% of cash in VBMPX"
  Assets:US:Vanguard:VBMPX                          2.945 VBMPX {81.49 USD}
  Assets:US:Vanguard:Cash                         -239.99 USD               

2015-02-16 * "Investing 60% of cash in RGAGX"
  Assets:US:Vanguard:RGAGX                          1.753 RGAGX {205.31 USD}
  Assets:US:Vanguard:Cash                         -359.91 USD                

2015-02-27 * "Employer match for contribution"
  Assets:US:Vanguard:Cash                          600.00 USD
  Income:US:Hoogle:Match401k                      -600.00 USD

2015-03-02 * "Investing 40% of cash in VBMPX"
  Assets:US:Vanguard:VBMPX                          5.836 VBMPX {82.26 USD}
  Assets:US:Vanguard:Cash                         -480.07 USD               

2015-03-02 * "Investing 60% of cash in RGAGX"
  Assets:US:Vanguard:RGAGX                          3.569 RGAGX {201.76 USD}
  Assets:US:Vanguard:Cash                         -720.08 USD                

2015-03-02 * "Investing 40% of cash in VBMPX"
  Assets:US:Vanguard:VBMPX                          2.917 VBMPX {82.26 USD}
  Assets:US:Vanguard:Cash                         -239.95 USD               

2015-03-02 * "Investing 60% of cash in RGAGX"
  Assets:US:Vanguard:RGAGX                          1.784 RGAGX {201.76 USD}
  Assets:US:Vanguard:Cash                         -359.94 USD                

2015-03-13 * "Employer match for contribution"
  Assets:US:Vanguard:Cash                          600.00 USD
  Income:US:Hoogle:Match401k                      -600.00 USD

2015-03-16 * "Investing 40% of cash in VBMPX"
  Assets:US:Vanguard:VBMPX                          5.869 VBMPX {81.79 USD}
  Assets:US:Vanguard:Cash                         -480.03 USD               

2015-03-16 * "Investing 60% of cash in RGAGX"
  Assets:US:Vanguard:RGAGX                          3.526 RGAGX {204.22 USD}
  Assets:US:Vanguard:Cash                         -720.08 USD                

2015-03-16 * "Investing 40% of cash in VBMPX"
  Assets:US:Vanguard:VBMPX                          2.934 VBMPX {81.79 USD}
  Assets:US:Vanguard:Cash                         -239.97 USD               

2015-03-16 * "Investing 60% of cash in RGAGX"
  Assets:US:Vanguard:RGAGX                          1.763 RGAGX {204.22 USD}
  Assets:US:Vanguard:Cash                         -360.04 USD                

2015-03-27 * "Employer match for contribution"
  Assets:US:Vanguard:Cash                          600.00 USD
  Income:US:Hoogle:Match401k                      -600.00 USD

2015-03-30 * "Investing 40% of cash in VBMPX"
  Assets:US:Vanguard:VBMPX                          5.904 VBMPX {81.30 USD}
  Assets:US:Vanguard:Cash                         -480.00 USD               

2015-03-30 * "Investing 60% of cash in RGAGX"
  Assets:US:Vanguard:RGAGX                          3.529 RGAGX {204.00 USD}
  Assets:US:Vanguard:Cash                         -719.92 USD                

2015-03-30 * "Investing 40% of cash in VBMPX"
  Assets:US:Vanguard:VBMPX                          2.952 VBMPX {81.30 USD}
  Assets:US:Vanguard:Cash                         -240.00 USD               

2015-03-30 * "Investing 60% of cash in RGAGX"
  Assets:US:Vanguard:RGAGX                          1.765 RGAGX {204.00 USD}
  Assets:US:Vanguard:Cash                         -360.06 USD                

2015-04-10 * "Employer match for contribution"
  Assets:US:Vanguard:Cash                          600.00 USD
  Income:US:Hoogle:Match401k                      -600.00 USD

2015-04-13 * "Investing 40% of cash in VBMPX"
  Assets:US:Vanguard:VBMPX                          5.896 VBMPX {81.41 USD}
  Assets:US:Vanguard:Cash                         -479.99 USD               

2015-04-13 * "Investing 60% of cash in RGAGX"
  Assets:US:Vanguard:RGAGX                          3.539 RGAGX {203.46 USD}
  Assets:US:Vanguard:Cash                         -720.04 USD                

2015-04-13 * "Investing 40% of cash in VBMPX"
  Assets:US:Vanguard:VBMPX                          2.948 VBMPX {81.41 USD}
  Assets:US:Vanguard:Cash                         -240.00 USD               

2015-04-13 * "Investing 60% of cash in RGAGX"
  Assets:US:Vanguard:RGAGX                          1.769 RGAGX {203.46 USD}
  Assets:US:Vanguard:Cash                         -359.92 USD                

2015-04-24 * "Employer match for contribution"
  Assets:US:Vanguard:Cash                          600.00 USD
  Income:US:Hoogle:Match401k                      -600.00 USD

2015-04-27 * "Investing 40% of cash in VBMPX"
  Assets:US:Vanguard:VBMPX                          5.879 VBMPX {81.64 USD}
  Assets:US:Vanguard:Cash                         -479.96 USD               

2015-04-27 * "Investing 60% of cash in RGAGX"
  Assets:US:Vanguard:RGAGX                          3.463 RGAGX {207.90 USD}
  Assets:US:Vanguard:Cash                         -719.96 USD                

2015-04-27 * "Investing 40% of cash in VBMPX"
  Assets:US:Vanguard:VBMPX                          2.940 VBMPX {81.64 USD}
  Assets:US:Vanguard:Cash                         -240.02 USD               

2015-04-27 * "Investing 60% of cash in RGAGX"
  Assets:US:Vanguard:RGAGX                          1.732 RGAGX {207.90 USD}
  Assets:US:Vanguard:Cash                         -360.08 USD                

2015-05-08 * "Employer match for contribution"
  Assets:US:Vanguard:Cash                          600.00 USD
  Income:US:Hoogle:Match401k                      -600.00 USD

2015-05-11 * "Investing 40% of cash in VBMPX"
  Assets:US:Vanguard:VBMPX                          5.952 VBMPX {80.64 USD}
  Assets:US:Vanguard:Cash                         -479.97 USD               

2015-05-11 * "Investing 60% of cash in RGAGX"
  Assets:US:Vanguard:RGAGX                          3.447 RGAGX {208.86 USD}
  Assets:US:Vanguard:Cash                         -719.94 USD                

2015-05-11 * "Investing 40% of cash in VBMPX"
  Assets:US:Vanguard:VBMPX                          2.977 VBMPX {80.64 USD}
  Assets:US:Vanguard:Cash                         -240.07 USD               

2015-05-11 * "Investing 60% of cash in RGAGX"
  Assets:US:Vanguard:RGAGX                          1.724 RGAGX {208.86 USD}
  Assets:US:Vanguard:Cash                         -360.07 USD                

2015-05-22 * "Employer match for contribution"
  Assets:US:Vanguard:Cash                          600.00 USD
  Income:US:Hoogle:Match401k                      -600.00 USD

2015-05-25 * "Investing 40% of cash in VBMPX"
  Assets:US:Vanguard:VBMPX                          5.917 VBMPX {81.12 USD}
  Assets:US:Vanguard:Cash                         -479.99 USD               

2015-05-25 * "Investing 60% of cash in RGAGX"
  Assets:US:Vanguard:RGAGX                          3.458 RGAGX {208.20 USD}
  Assets:US:Vanguard:Cash                         -719.96 USD                

2015-05-25 * "Investing 40% of cash in VBMPX"
  Assets:US:Vanguard:VBMPX                          2.958 VBMPX {81.12 USD}
  Assets:US:Vanguard:Cash                         -239.95 USD               

2015-05-25 * "Investing 60% of cash in RGAGX"
  Assets:US:Vanguard:RGAGX                          1.729 RGAGX {208.20 USD}
  Assets:US:Vanguard:Cash                         -359.98 USD                

2015-06-05 * "Employer match for contribution"
  Assets:US:Vanguard:Cash                          600.00 USD
  Income:US:Hoogle:Match401k                      -600.00 USD

2015-06-08 * "Investing 40% of cash in VBMPX"
  Assets:US:Vanguard:VBMPX                          5.897 VBMPX {81.40 USD}
  Assets:US:Vanguard:Cash                         -480.02 USD               

2015-06-08 * "Investing 60% of cash in RGAGX"
  Assets:US:Vanguard:RGAGX                          3.466 RGAGX {207.72 USD}
  Assets:US:Vanguard:Cash                         -719.96 USD                

2015-06-08 * "Investing 40% of cash in VBMPX"
  Assets:US:Vanguard:VBMPX                          2.949 VBMPX {81.40 USD}
  Assets:US:Vanguard:Cash                         -240.05 USD               

2015-06-08 * "Investing 60% of cash in RGAGX"
  Assets:US:Vanguard:RGAGX                          1.733 RGAGX {207.72 USD}
  Assets:US:Vanguard:Cash                         -359.98 USD                

2015-06-19 * "Employer match for contribution"
  Assets:US:Vanguard:Cash                          600.00 USD
  Income:US:Hoogle:Match401k                      -600.00 USD

2015-06-22 * "Investing 40% of cash in VBMPX"
  Assets:US:Vanguard:VBMPX                          5.835 VBMPX {82.27 USD}
  Assets:US:Vanguard:Cash                         -480.05 USD               

2015-06-22 * "Investing 60% of cash in RGAGX"
  Assets:US:Vanguard:RGAGX                          3.351 RGAGX {214.84 USD}
  Assets:US:Vanguard:Cash                         -719.93 USD                

2015-06-22 * "Investing 40% of cash in VBMPX"
  Assets:US:Vanguard:VBMPX                          2.918 VBMPX {82.27 USD}
  Assets:US:Vanguard:Cash                         -240.06 USD               

2015-06-22 * "Investing 60% of cash in RGAGX"
  Assets:US:Vanguard:RGAGX                          1.676 RGAGX {214.84 USD}
  Assets:US:Vanguard:Cash                         -360.07 USD                

2015-07-03 * "Employer match for contribution"
  Assets:US:Vanguard:Cash                          600.00 USD
  Income:US:Hoogle:Match401k                      -600.00 USD

2015-07-06 * "Investing 40% of cash in VBMPX"
  Assets:US:Vanguard:VBMPX                          5.783 VBMPX {82.99 USD}
  Assets:US:Vanguard:Cash                         -479.93 USD               

2015-07-06 * "Investing 60% of cash in RGAGX"
  Assets:US:Vanguard:RGAGX                          3.235 RGAGX {222.54 USD}
  Assets:US:Vanguard:Cash                         -719.92 USD                

2015-07-06 * "Investing 40% of cash in VBMPX"
  Assets:US:Vanguard:VBMPX                          2.892 VBMPX {82.99 USD}
  Assets:US:Vanguard:Cash                         -240.01 USD               

2015-07-06 * "Investing 60% of cash in RGAGX"
  Assets:US:Vanguard:RGAGX                          1.618 RGAGX {222.54 USD}
  Assets:US:Vanguard:Cash                         -360.07 USD                

2015-07-17 * "Employer match for contribution"
  Assets:US:Vanguard:Cash                          600.00 USD
  Income:US:Hoogle:Match401k                      -600.00 USD

2015-07-20 * "Investing 40% of cash in VBMPX"
  Assets:US:Vanguard:VBMPX                          5.736 VBMPX {83.68 USD}
  Assets:US:Vanguard:Cash                         -479.99 USD               

2015-07-20 * "Investing 60% of cash in RGAGX"
  Assets:US:Vanguard:RGAGX                          3.252 RGAGX {221.43 USD}
  Assets:US:Vanguard:Cash                         -720.09 USD                

2015-07-20 * "Investing 40% of cash in VBMPX"
  Assets:US:Vanguard:VBMPX                          2.868 VBMPX {83.68 USD}
  Assets:US:Vanguard:Cash                         -239.99 USD               

2015-07-20 * "Investing 60% of cash in RGAGX"
  Assets:US:Vanguard:RGAGX                          1.626 RGAGX {221.43 USD}
  Assets:US:Vanguard:Cash                         -360.05 USD                



* Sources of Income

2013-01-01 open Income:US:Hoogle:Salary                      USD
2013-01-01 open Income:US:Hoogle:GroupTermLife               USD
2013-01-01 open Income:US:Hoogle:Vacation                    VACHR
2013-01-01 open Assets:US:Hoogle:Vacation                    VACHR
2013-01-01 open Expenses:Vacation                               VACHR
2013-01-01 open Expenses:Health:Life:GroupTermLife
2013-01-01 open Expenses:Health:Medical:Insurance
2013-01-01 open Expenses:Health:Dental:Insurance
2013-01-01 open Expenses:Health:Vision:Insurance

2013-01-01 event "employer" "Hoogle, 1600 Amphibious Parkway, River View, CA"

2013-01-03 * "Hoogle" | "Payroll"
  Assets:US:BofA:Checking                         1350.60 USD   
  Assets:US:Vanguard:Cash                         1200.00 USD   
  Assets:US:Federal:PreTax401k                   -1200.00 IRAUSD
  Expenses:Taxes:Y2013:US:Federal:PreTax401k      1200.00 IRAUSD
  Income:US:Hoogle:Salary                        -4615.38 USD   
  Income:US:Hoogle:GroupTermLife                   -24.32 USD   
  Expenses:Health:Life:GroupTermLife                24.32 USD   
  Expenses:Health:Dental:Insurance                   2.90 USD   
  Expenses:Health:Medical:Insurance                 27.38 USD   
  Expenses:Health:Vision:Insurance                  42.30 USD   
  Expenses:Taxes:Y2013:US:Medicare                 106.62 USD   
  Expenses:Taxes:Y2013:US:Federal                 1062.92 USD   
  Expenses:Taxes:Y2013:US:State                    365.08 USD   
  Expenses:Taxes:Y2013:US:CityNYC                  174.92 USD   
  Expenses:Taxes:Y2013:US:SDI                        1.12 USD   
  Expenses:Taxes:Y2013:US:SocSec                   281.54 USD   
  Assets:US:Hoogle:Vacation                             5 VACHR 
  Income:US:Hoogle:Vacation                            -5 VACHR 

2013-01-17 * "Hoogle" | "Payroll"
  Assets:US:BofA:Checking                         1350.60 USD   
  Assets:US:Vanguard:Cash                         1200.00 USD   
  Assets:US:Federal:PreTax401k                   -1200.00 IRAUSD
  Expenses:Taxes:Y2013:US:Federal:PreTax401k      1200.00 IRAUSD
  Income:US:Hoogle:Salary                        -4615.38 USD   
  Income:US:Hoogle:GroupTermLife                   -24.32 USD   
  Expenses:Health:Life:GroupTermLife                24.32 USD   
  Expenses:Health:Dental:Insurance                   2.90 USD   
  Expenses:Health:Medical:Insurance                 27.38 USD   
  Expenses:Health:Vision:Insurance                  42.30 USD   
  Expenses:Taxes:Y2013:US:Medicare                 106.62 USD   
  Expenses:Taxes:Y2013:US:Federal                 1062.92 USD   
  Expenses:Taxes:Y2013:US:State                    365.08 USD   
  Expenses:Taxes:Y2013:US:CityNYC                  174.92 USD   
  Expenses:Taxes:Y2013:US:SDI                        1.12 USD   
  Expenses:Taxes:Y2013:US:SocSec                   281.54 USD   
  Assets:US:Hoogle:Vacation                             5 VACHR 
  Income:US:Hoogle:Vacation                            -5 VACHR 

2013-01-31 * "Hoogle" | "Payroll"
  Assets:US:BofA:Checking                         1350.60 USD   
  Assets:US:Vanguard:Cash                         1200.00 USD   
  Assets:US:Federal:PreTax401k                   -1200.00 IRAUSD
  Expenses:Taxes:Y2013:US:Federal:PreTax401k      1200.00 IRAUSD
  Income:US:Hoogle:Salary                        -4615.38 USD   
  Income:US:Hoogle:GroupTermLife                   -24.32 USD   
  Expenses:Health:Life:GroupTermLife                24.32 USD   
  Expenses:Health:Dental:Insurance                   2.90 USD   
  Expenses:Health:Medical:Insurance                 27.38 USD   
  Expenses:Health:Vision:Insurance                  42.30 USD   
  Expenses:Taxes:Y2013:US:Medicare                 106.62 USD   
  Expenses:Taxes:Y2013:US:Federal                 1062.92 USD   
  Expenses:Taxes:Y2013:US:State                    365.08 USD   
  Expenses:Taxes:Y2013:US:CityNYC                  174.92 USD   
  Expenses:Taxes:Y2013:US:SDI                        1.12 USD   
  Expenses:Taxes:Y2013:US:SocSec                   281.54 USD   
  Assets:US:Hoogle:Vacation                             5 VACHR 
  Income:US:Hoogle:Vacation                            -5 VACHR 

2013-02-14 * "Hoogle" | "Payroll"
  Assets:US:BofA:Checking                         1350.60 USD   
  Assets:US:Vanguard:Cash                         1200.00 USD   
  Assets:US:Federal:PreTax401k                   -1200.00 IRAUSD
  Expenses:Taxes:Y2013:US:Federal:PreTax401k      1200.00 IRAUSD
  Income:US:Hoogle:Salary                        -4615.38 USD   
  Income:US:Hoogle:GroupTermLife                   -24.32 USD   
  Expenses:Health:Life:GroupTermLife                24.32 USD   
  Expenses:Health:Dental:Insurance                   2.90 USD   
  Expenses:Health:Medical:Insurance                 27.38 USD   
  Expenses:Health:Vision:Insurance                  42.30 USD   
  Expenses:Taxes:Y2013:US:Medicare                 106.62 USD   
  Expenses:Taxes:Y2013:US:Federal                 1062.92 USD   
  Expenses:Taxes:Y2013:US:State                    365.08 USD   
  Expenses:Taxes:Y2013:US:CityNYC                  174.92 USD   
  Expenses:Taxes:Y2013:US:SDI                        1.12 USD   
  Expenses:Taxes:Y2013:US:SocSec                   281.54 USD   
  Assets:US:Hoogle:Vacation                             5 VACHR 
  Income:US:Hoogle:Vacation                            -5 VACHR 

2013-02-28 * "Hoogle" | "Payroll"
  Assets:US:BofA:Checking                         1350.60 USD   
  Assets:US:Vanguard:Cash                         1200.00 USD   
  Assets:US:Federal:PreTax401k                   -1200.00 IRAUSD
  Expenses:Taxes:Y2013:US:Federal:PreTax401k      1200.00 IRAUSD
  Income:US:Hoogle:Salary                        -4615.38 USD   
  Income:US:Hoogle:GroupTermLife                   -24.32 USD   
  Expenses:Health:Life:GroupTermLife                24.32 USD   
  Expenses:Health:Dental:Insurance                   2.90 USD   
  Expenses:Health:Medical:Insurance                 27.38 USD   
  Expenses:Health:Vision:Insurance                  42.30 USD   
  Expenses:Taxes:Y2013:US:Medicare                 106.62 USD   
  Expenses:Taxes:Y2013:US:Federal                 1062.92 USD   
  Expenses:Taxes:Y2013:US:State                    365.08 USD   
  Expenses:Taxes:Y2013:US:CityNYC                  174.92 USD   
  Expenses:Taxes:Y2013:US:SDI                        1.12 USD   
  Expenses:Taxes:Y2013:US:SocSec                   281.54 USD   
  Assets:US:Hoogle:Vacation                             5 VACHR 
  Income:US:Hoogle:Vacation                            -5 VACHR 

2013-03-14 * "Hoogle" | "Payroll"
  Assets:US:BofA:Checking                         1350.60 USD   
  Assets:US:Vanguard:Cash                         1200.00 USD   
  Assets:US:Federal:PreTax401k                   -1200.00 IRAUSD
  Expenses:Taxes:Y2013:US:Federal:PreTax401k      1200.00 IRAUSD
  Income:US:Hoogle:Salary                        -4615.38 USD   
  Income:US:Hoogle:GroupTermLife                   -24.32 USD   
  Expenses:Health:Life:GroupTermLife                24.32 USD   
  Expenses:Health:Dental:Insurance                   2.90 USD   
  Expenses:Health:Medical:Insurance                 27.38 USD   
  Expenses:Health:Vision:Insurance                  42.30 USD   
  Expenses:Taxes:Y2013:US:Medicare                 106.62 USD   
  Expenses:Taxes:Y2013:US:Federal                 1062.92 USD   
  Expenses:Taxes:Y2013:US:State                    365.08 USD   
  Expenses:Taxes:Y2013:US:CityNYC                  174.92 USD   
  Expenses:Taxes:Y2013:US:SDI                        1.12 USD   
  Expenses:Taxes:Y2013:US:SocSec                   281.54 USD   
  Assets:US:Hoogle:Vacation                             5 VACHR 
  Income:US:Hoogle:Vacation                            -5 VACHR 

2013-03-28 * "Hoogle" | "Payroll"
  Assets:US:BofA:Checking                         1350.60 USD   
  Assets:US:Vanguard:Cash                         1200.00 USD   
  Assets:US:Federal:PreTax401k                   -1200.00 IRAUSD
  Expenses:Taxes:Y2013:US:Federal:PreTax401k      1200.00 IRAUSD
  Income:US:Hoogle:Salary                        -4615.38 USD   
  Income:US:Hoogle:GroupTermLife                   -24.32 USD   
  Expenses:Health:Life:GroupTermLife                24.32 USD   
  Expenses:Health:Dental:Insurance                   2.90 USD   
  Expenses:Health:Medical:Insurance                 27.38 USD   
  Expenses:Health:Vision:Insurance                  42.30 USD   
  Expenses:Taxes:Y2013:US:Medicare                 106.62 USD   
  Expenses:Taxes:Y2013:US:Federal                 1062.92 USD   
  Expenses:Taxes:Y2013:US:State                    365.08 USD   
  Expenses:Taxes:Y2013:US:CityNYC                  174.92 USD   
  Expenses:Taxes:Y2013:US:SDI                        1.12 USD   
  Expenses:Taxes:Y2013:US:SocSec                   281.54 USD   
  Assets:US:Hoogle:Vacation                             5 VACHR 
  Income:US:Hoogle:Vacation                            -5 VACHR 

2013-04-11 * "Hoogle" | "Payroll"
  Assets:US:BofA:Checking                         1350.60 USD   
  Assets:US:Vanguard:Cash                         1200.00 USD   
  Assets:US:Federal:PreTax401k                   -1200.00 IRAUSD
  Expenses:Taxes:Y2013:US:Federal:PreTax401k      1200.00 IRAUSD
  Income:US:Hoogle:Salary                        -4615.38 USD   
  Income:US:Hoogle:GroupTermLife                   -24.32 USD   
  Expenses:Health:Life:GroupTermLife                24.32 USD   
  Expenses:Health:Dental:Insurance                   2.90 USD   
  Expenses:Health:Medical:Insurance                 27.38 USD   
  Expenses:Health:Vision:Insurance                  42.30 USD   
  Expenses:Taxes:Y2013:US:Medicare                 106.62 USD   
  Expenses:Taxes:Y2013:US:Federal                 1062.92 USD   
  Expenses:Taxes:Y2013:US:State                    365.08 USD   
  Expenses:Taxes:Y2013:US:CityNYC                  174.92 USD   
  Expenses:Taxes:Y2013:US:SDI                        1.12 USD   
  Expenses:Taxes:Y2013:US:SocSec                   281.54 USD   
  Assets:US:Hoogle:Vacation                             5 VACHR 
  Income:US:Hoogle:Vacation                            -5 VACHR 

2013-04-25 * "Hoogle" | "Payroll"
  Assets:US:BofA:Checking                         1350.60 USD   
  Assets:US:Vanguard:Cash                         1200.00 USD   
  Assets:US:Federal:PreTax401k                   -1200.00 IRAUSD
  Expenses:Taxes:Y2013:US:Federal:PreTax401k      1200.00 IRAUSD
  Income:US:Hoogle:Salary                        -4615.38 USD   
  Income:US:Hoogle:GroupTermLife                   -24.32 USD   
  Expenses:Health:Life:GroupTermLife                24.32 USD   
  Expenses:Health:Dental:Insurance                   2.90 USD   
  Expenses:Health:Medical:Insurance                 27.38 USD   
  Expenses:Health:Vision:Insurance                  42.30 USD   
  Expenses:Taxes:Y2013:US:Medicare                 106.62 USD   
  Expenses:Taxes:Y2013:US:Federal                 1062.92 USD   
  Expenses:Taxes:Y2013:US:State                    365.08 USD   
  Expenses:Taxes:Y2013:US:CityNYC                  174.92 USD   
  Expenses:Taxes:Y2013:US:SDI                        1.12 USD   
  Expenses:Taxes:Y2013:US:SocSec                   281.54 USD   
  Assets:US:Hoogle:Vacation                             5 VACHR 
  Income:US:Hoogle:Vacation                            -5 VACHR 

2013-05-09 * "Hoogle" | "Payroll"
  Assets:US:BofA:Checking                         1350.60 USD   
  Assets:US:Vanguard:Cash                         1200.00 USD   
  Assets:US:Federal:PreTax401k                   -1200.00 IRAUSD
  Expenses:Taxes:Y2013:US:Federal:PreTax401k      1200.00 IRAUSD
  Income:US:Hoogle:Salary                        -4615.38 USD   
  Income:US:Hoogle:GroupTermLife                   -24.32 USD   
  Expenses:Health:Life:GroupTermLife                24.32 USD   
  Expenses:Health:Dental:Insurance                   2.90 USD   
  Expenses:Health:Medical:Insurance                 27.38 USD   
  Expenses:Health:Vision:Insurance                  42.30 USD   
  Expenses:Taxes:Y2013:US:Medicare                 106.62 USD   
  Expenses:Taxes:Y2013:US:Federal                 1062.92 USD   
  Expenses:Taxes:Y2013:US:State                    365.08 USD   
  Expenses:Taxes:Y2013:US:CityNYC                  174.92 USD   
  Expenses:Taxes:Y2013:US:SDI                        1.12 USD   
  Expenses:Taxes:Y2013:US:SocSec                   281.54 USD   
  Assets:US:Hoogle:Vacation                             5 VACHR 
  Income:US:Hoogle:Vacation                            -5 VACHR 

2013-05-23 * "Hoogle" | "Payroll"
  Assets:US:BofA:Checking                         1350.60 USD   
  Assets:US:Vanguard:Cash                         1200.00 USD   
  Assets:US:Federal:PreTax401k                   -1200.00 IRAUSD
  Expenses:Taxes:Y2013:US:Federal:PreTax401k      1200.00 IRAUSD
  Income:US:Hoogle:Salary                        -4615.38 USD   
  Income:US:Hoogle:GroupTermLife                   -24.32 USD   
  Expenses:Health:Life:GroupTermLife                24.32 USD   
  Expenses:Health:Dental:Insurance                   2.90 USD   
  Expenses:Health:Medical:Insurance                 27.38 USD   
  Expenses:Health:Vision:Insurance                  42.30 USD   
  Expenses:Taxes:Y2013:US:Medicare                 106.62 USD   
  Expenses:Taxes:Y2013:US:Federal                 1062.92 USD   
  Expenses:Taxes:Y2013:US:State                    365.08 USD   
  Expenses:Taxes:Y2013:US:CityNYC                  174.92 USD   
  Expenses:Taxes:Y2013:US:SDI                        1.12 USD   
  Expenses:Taxes:Y2013:US:SocSec                   281.54 USD   
  Assets:US:Hoogle:Vacation                             5 VACHR 
  Income:US:Hoogle:Vacation                            -5 VACHR 

2013-06-06 * "Hoogle" | "Payroll"
  Assets:US:BofA:Checking                         1350.60 USD   
  Assets:US:Vanguard:Cash                         1200.00 USD   
  Assets:US:Federal:PreTax401k                   -1200.00 IRAUSD
  Expenses:Taxes:Y2013:US:Federal:PreTax401k      1200.00 IRAUSD
  Income:US:Hoogle:Salary                        -4615.38 USD   
  Income:US:Hoogle:GroupTermLife                   -24.32 USD   
  Expenses:Health:Life:GroupTermLife                24.32 USD   
  Expenses:Health:Dental:Insurance                   2.90 USD   
  Expenses:Health:Medical:Insurance                 27.38 USD   
  Expenses:Health:Vision:Insurance                  42.30 USD   
  Expenses:Taxes:Y2013:US:Medicare                 106.62 USD   
  Expenses:Taxes:Y2013:US:Federal                 1062.92 USD   
  Expenses:Taxes:Y2013:US:State                    365.08 USD   
  Expenses:Taxes:Y2013:US:CityNYC                  174.92 USD   
  Expenses:Taxes:Y2013:US:SDI                        1.12 USD   
  Expenses:Taxes:Y2013:US:SocSec                   281.54 USD   
  Assets:US:Hoogle:Vacation                             5 VACHR 
  Income:US:Hoogle:Vacation                            -5 VACHR 

2013-06-20 * "Hoogle" | "Payroll"
  Assets:US:BofA:Checking                         1350.60 USD   
  Assets:US:Vanguard:Cash                         1200.00 USD   
  Assets:US:Federal:PreTax401k                   -1200.00 IRAUSD
  Expenses:Taxes:Y2013:US:Federal:PreTax401k      1200.00 IRAUSD
  Income:US:Hoogle:Salary                        -4615.38 USD   
  Income:US:Hoogle:GroupTermLife                   -24.32 USD   
  Expenses:Health:Life:GroupTermLife                24.32 USD   
  Expenses:Health:Dental:Insurance                   2.90 USD   
  Expenses:Health:Medical:Insurance                 27.38 USD   
  Expenses:Health:Vision:Insurance                  42.30 USD   
  Expenses:Taxes:Y2013:US:Medicare                 106.62 USD   
  Expenses:Taxes:Y2013:US:Federal                 1062.92 USD   
  Expenses:Taxes:Y2013:US:State                    365.08 USD   
  Expenses:Taxes:Y2013:US:CityNYC                  174.92 USD   
  Expenses:Taxes:Y2013:US:SDI                        1.12 USD   
  Expenses:Taxes:Y2013:US:SocSec                   281.54 USD   
  Assets:US:Hoogle:Vacation                             5 VACHR 
  Income:US:Hoogle:Vacation                            -5 VACHR 

2013-07-04 * "Hoogle" | "Payroll"
  Assets:US:BofA:Checking                         1350.60 USD   
  Assets:US:Vanguard:Cash                         1200.00 USD   
  Assets:US:Federal:PreTax401k                   -1200.00 IRAUSD
  Expenses:Taxes:Y2013:US:Federal:PreTax401k      1200.00 IRAUSD
  Income:US:Hoogle:Salary                        -4615.38 USD   
  Income:US:Hoogle:GroupTermLife                   -24.32 USD   
  Expenses:Health:Life:GroupTermLife                24.32 USD   
  Expenses:Health:Dental:Insurance                   2.90 USD   
  Expenses:Health:Medical:Insurance                 27.38 USD   
  Expenses:Health:Vision:Insurance                  42.30 USD   
  Expenses:Taxes:Y2013:US:Medicare                 106.62 USD   
  Expenses:Taxes:Y2013:US:Federal                 1062.92 USD   
  Expenses:Taxes:Y2013:US:State                    365.08 USD   
  Expenses:Taxes:Y2013:US:CityNYC                  174.92 USD   
  Expenses:Taxes:Y2013:US:SDI                        1.12 USD   
  Expenses:Taxes:Y2013:US:SocSec                   281.54 USD   
  Assets:US:Hoogle:Vacation                             5 VACHR 
  Income:US:Hoogle:Vacation                            -5 VACHR 

2013-07-18 * "Hoogle" | "Payroll"
  Assets:US:BofA:Checking                         1850.60 USD   
  Assets:US:Vanguard:Cash                          700.00 USD   
  Assets:US:Federal:PreTax401k                    -700.00 IRAUSD
  Expenses:Taxes:Y2013:US:Federal:PreTax401k       700.00 IRAUSD
  Income:US:Hoogle:Salary                        -4615.38 USD   
  Income:US:Hoogle:GroupTermLife                   -24.32 USD   
  Expenses:Health:Life:GroupTermLife                24.32 USD   
  Expenses:Health:Dental:Insurance                   2.90 USD   
  Expenses:Health:Medical:Insurance                 27.38 USD   
  Expenses:Health:Vision:Insurance                  42.30 USD   
  Expenses:Taxes:Y2013:US:Medicare                 106.62 USD   
  Expenses:Taxes:Y2013:US:Federal                 1062.92 USD   
  Expenses:Taxes:Y2013:US:State                    365.08 USD   
  Expenses:Taxes:Y2013:US:CityNYC                  174.92 USD   
  Expenses:Taxes:Y2013:US:SDI                        1.12 USD   
  Expenses:Taxes:Y2013:US:SocSec                   281.54 USD   
  Assets:US:Hoogle:Vacation                             5 VACHR 
  Income:US:Hoogle:Vacation                            -5 VACHR 

2013-08-01 * "Hoogle" | "Payroll"
  Assets:US:BofA:Checking                         2550.60 USD   
  Assets:US:Federal:PreTax401k                       0.00 IRAUSD
  Income:US:Hoogle:Salary                        -4615.38 USD   
  Income:US:Hoogle:GroupTermLife                   -24.32 USD   
  Expenses:Health:Life:GroupTermLife                24.32 USD   
  Expenses:Health:Dental:Insurance                   2.90 USD   
  Expenses:Health:Medical:Insurance                 27.38 USD   
  Expenses:Health:Vision:Insurance                  42.30 USD   
  Expenses:Taxes:Y2013:US:Medicare                 106.62 USD   
  Expenses:Taxes:Y2013:US:Federal                 1062.92 USD   
  Expenses:Taxes:Y2013:US:State                    365.08 USD   
  Expenses:Taxes:Y2013:US:CityNYC                  174.92 USD   
  Expenses:Taxes:Y2013:US:SDI                        1.12 USD   
  Expenses:Taxes:Y2013:US:SocSec                   281.54 USD   
  Assets:US:Hoogle:Vacation                             5 VACHR 
  Income:US:Hoogle:Vacation                            -5 VACHR 

2013-08-15 * "Hoogle" | "Payroll"
  Assets:US:BofA:Checking                         2550.60 USD   
  Assets:US:Federal:PreTax401k                       0.00 IRAUSD
  Income:US:Hoogle:Salary                        -4615.38 USD   
  Income:US:Hoogle:GroupTermLife                   -24.32 USD   
  Expenses:Health:Life:GroupTermLife                24.32 USD   
  Expenses:Health:Dental:Insurance                   2.90 USD   
  Expenses:Health:Medical:Insurance                 27.38 USD   
  Expenses:Health:Vision:Insurance                  42.30 USD   
  Expenses:Taxes:Y2013:US:Medicare                 106.62 USD   
  Expenses:Taxes:Y2013:US:Federal                 1062.92 USD   
  Expenses:Taxes:Y2013:US:State                    365.08 USD   
  Expenses:Taxes:Y2013:US:CityNYC                  174.92 USD   
  Expenses:Taxes:Y2013:US:SDI                        1.12 USD   
  Expenses:Taxes:Y2013:US:SocSec                   281.54 USD   
  Assets:US:Hoogle:Vacation                             5 VACHR 
  Income:US:Hoogle:Vacation                            -5 VACHR 

2013-08-29 * "Hoogle" | "Payroll"
  Assets:US:BofA:Checking                         2550.60 USD   
  Assets:US:Federal:PreTax401k                       0.00 IRAUSD
  Income:US:Hoogle:Salary                        -4615.38 USD   
  Income:US:Hoogle:GroupTermLife                   -24.32 USD   
  Expenses:Health:Life:GroupTermLife                24.32 USD   
  Expenses:Health:Dental:Insurance                   2.90 USD   
  Expenses:Health:Medical:Insurance                 27.38 USD   
  Expenses:Health:Vision:Insurance                  42.30 USD   
  Expenses:Taxes:Y2013:US:Medicare                 106.62 USD   
  Expenses:Taxes:Y2013:US:Federal                 1062.92 USD   
  Expenses:Taxes:Y2013:US:State                    365.08 USD   
  Expenses:Taxes:Y2013:US:CityNYC                  174.92 USD   
  Expenses:Taxes:Y2013:US:SDI                        1.12 USD   
  Expenses:Taxes:Y2013:US:SocSec                   281.54 USD   
  Assets:US:Hoogle:Vacation                             5 VACHR 
  Income:US:Hoogle:Vacation                            -5 VACHR 

2013-09-12 * "Hoogle" | "Payroll"
  Assets:US:BofA:Checking                         2550.60 USD   
  Assets:US:Federal:PreTax401k                       0.00 IRAUSD
  Income:US:Hoogle:Salary                        -4615.38 USD   
  Income:US:Hoogle:GroupTermLife                   -24.32 USD   
  Expenses:Health:Life:GroupTermLife                24.32 USD   
  Expenses:Health:Dental:Insurance                   2.90 USD   
  Expenses:Health:Medical:Insurance                 27.38 USD   
  Expenses:Health:Vision:Insurance                  42.30 USD   
  Expenses:Taxes:Y2013:US:Medicare                 106.62 USD   
  Expenses:Taxes:Y2013:US:Federal                 1062.92 USD   
  Expenses:Taxes:Y2013:US:State                    365.08 USD   
  Expenses:Taxes:Y2013:US:CityNYC                  174.92 USD   
  Expenses:Taxes:Y2013:US:SDI                        1.12 USD   
  Expenses:Taxes:Y2013:US:SocSec                   281.54 USD   
  Assets:US:Hoogle:Vacation                             5 VACHR 
  Income:US:Hoogle:Vacation                            -5 VACHR 

2013-09-26 * "Hoogle" | "Payroll"
  Assets:US:BofA:Checking                         2550.60 USD   
  Assets:US:Federal:PreTax401k                       0.00 IRAUSD
  Income:US:Hoogle:Salary                        -4615.38 USD   
  Income:US:Hoogle:GroupTermLife                   -24.32 USD   
  Expenses:Health:Life:GroupTermLife                24.32 USD   
  Expenses:Health:Dental:Insurance                   2.90 USD   
  Expenses:Health:Medical:Insurance                 27.38 USD   
  Expenses:Health:Vision:Insurance                  42.30 USD   
  Expenses:Taxes:Y2013:US:Medicare                 106.62 USD   
  Expenses:Taxes:Y2013:US:Federal                 1062.92 USD   
  Expenses:Taxes:Y2013:US:State                    365.08 USD   
  Expenses:Taxes:Y2013:US:CityNYC                  174.92 USD   
  Expenses:Taxes:Y2013:US:SDI                        1.12 USD   
  Expenses:Taxes:Y2013:US:SocSec                   281.54 USD   
  Assets:US:Hoogle:Vacation                             5 VACHR 
  Income:US:Hoogle:Vacation                            -5 VACHR 

2013-10-10 * "Hoogle" | "Payroll"
  Assets:US:BofA:Checking                         2550.60 USD   
  Assets:US:Federal:PreTax401k                       0.00 IRAUSD
  Income:US:Hoogle:Salary                        -4615.38 USD   
  Income:US:Hoogle:GroupTermLife                   -24.32 USD   
  Expenses:Health:Life:GroupTermLife                24.32 USD   
  Expenses:Health:Dental:Insurance                   2.90 USD   
  Expenses:Health:Medical:Insurance                 27.38 USD   
  Expenses:Health:Vision:Insurance                  42.30 USD   
  Expenses:Taxes:Y2013:US:Medicare                 106.62 USD   
  Expenses:Taxes:Y2013:US:Federal                 1062.92 USD   
  Expenses:Taxes:Y2013:US:State                    365.08 USD   
  Expenses:Taxes:Y2013:US:CityNYC                  174.92 USD   
  Expenses:Taxes:Y2013:US:SDI                        1.12 USD   
  Expenses:Taxes:Y2013:US:SocSec                   281.54 USD   
  Assets:US:Hoogle:Vacation                             5 VACHR 
  Income:US:Hoogle:Vacation                            -5 VACHR 

2013-10-24 * "Hoogle" | "Payroll"
  Assets:US:BofA:Checking                         2550.60 USD   
  Assets:US:Federal:PreTax401k                       0.00 IRAUSD
  Income:US:Hoogle:Salary                        -4615.38 USD   
  Income:US:Hoogle:GroupTermLife                   -24.32 USD   
  Expenses:Health:Life:GroupTermLife                24.32 USD   
  Expenses:Health:Dental:Insurance                   2.90 USD   
  Expenses:Health:Medical:Insurance                 27.38 USD   
  Expenses:Health:Vision:Insurance                  42.30 USD   
  Expenses:Taxes:Y2013:US:Medicare                 106.62 USD   
  Expenses:Taxes:Y2013:US:Federal                 1062.92 USD   
  Expenses:Taxes:Y2013:US:State                    365.08 USD   
  Expenses:Taxes:Y2013:US:CityNYC                  174.92 USD   
  Expenses:Taxes:Y2013:US:SDI                        1.12 USD   
  Expenses:Taxes:Y2013:US:SocSec                   281.54 USD   
  Assets:US:Hoogle:Vacation                             5 VACHR 
  Income:US:Hoogle:Vacation                            -5 VACHR 

2013-11-07 * "Hoogle" | "Payroll"
  Assets:US:BofA:Checking                         2550.60 USD   
  Assets:US:Federal:PreTax401k                       0.00 IRAUSD
  Income:US:Hoogle:Salary                        -4615.38 USD   
  Income:US:Hoogle:GroupTermLife                   -24.32 USD   
  Expenses:Health:Life:GroupTermLife                24.32 USD   
  Expenses:Health:Dental:Insurance                   2.90 USD   
  Expenses:Health:Medical:Insurance                 27.38 USD   
  Expenses:Health:Vision:Insurance                  42.30 USD   
  Expenses:Taxes:Y2013:US:Medicare                 106.62 USD   
  Expenses:Taxes:Y2013:US:Federal                 1062.92 USD   
  Expenses:Taxes:Y2013:US:State                    365.08 USD   
  Expenses:Taxes:Y2013:US:CityNYC                  174.92 USD   
  Expenses:Taxes:Y2013:US:SDI                        1.12 USD   
  Expenses:Taxes:Y2013:US:SocSec                   281.54 USD   
  Assets:US:Hoogle:Vacation                             5 VACHR 
  Income:US:Hoogle:Vacation                            -5 VACHR 

2013-11-21 * "Hoogle" | "Payroll"
  Assets:US:BofA:Checking                         2550.60 USD   
  Assets:US:Federal:PreTax401k                       0.00 IRAUSD
  Income:US:Hoogle:Salary                        -4615.38 USD   
  Income:US:Hoogle:GroupTermLife                   -24.32 USD   
  Expenses:Health:Life:GroupTermLife                24.32 USD   
  Expenses:Health:Dental:Insurance                   2.90 USD   
  Expenses:Health:Medical:Insurance                 27.38 USD   
  Expenses:Health:Vision:Insurance                  42.30 USD   
  Expenses:Taxes:Y2013:US:Medicare                 106.62 USD   
  Expenses:Taxes:Y2013:US:Federal                 1062.92 USD   
  Expenses:Taxes:Y2013:US:State                    365.08 USD   
  Expenses:Taxes:Y2013:US:CityNYC                  174.92 USD   
  Expenses:Taxes:Y2013:US:SDI                        1.12 USD   
  Expenses:Taxes:Y2013:US:SocSec                   281.54 USD   
  Assets:US:Hoogle:Vacation                             5 VACHR 
  Income:US:Hoogle:Vacation                            -5 VACHR 

2013-12-05 * "Hoogle" | "Payroll"
  Assets:US:BofA:Checking                         2589.06 USD   
  Assets:US:Federal:PreTax401k                       0.00 IRAUSD
  Income:US:Hoogle:Salary                        -4615.38 USD   
  Income:US:Hoogle:GroupTermLife                   -24.32 USD   
  Expenses:Health:Life:GroupTermLife                24.32 USD   
  Expenses:Health:Dental:Insurance                   2.90 USD   
  Expenses:Health:Medical:Insurance                 27.38 USD   
  Expenses:Health:Vision:Insurance                  42.30 USD   
  Expenses:Taxes:Y2013:US:Medicare                 106.62 USD   
  Expenses:Taxes:Y2013:US:Federal                 1062.92 USD   
  Expenses:Taxes:Y2013:US:State                    365.08 USD   
  Expenses:Taxes:Y2013:US:CityNYC                  174.92 USD   
  Expenses:Taxes:Y2013:US:SDI                        1.12 USD   
  Expenses:Taxes:Y2013:US:SocSec                   243.08 USD   
  Assets:US:Hoogle:Vacation                             5 VACHR 
  Income:US:Hoogle:Vacation                            -5 VACHR 

2013-12-19 * "Hoogle" | "Payroll"
  Assets:US:BofA:Checking                         2832.14 USD   
  Assets:US:Federal:PreTax401k                       0.00 IRAUSD
  Income:US:Hoogle:Salary                        -4615.38 USD   
  Income:US:Hoogle:GroupTermLife                   -24.32 USD   
  Expenses:Health:Life:GroupTermLife                24.32 USD   
  Expenses:Health:Dental:Insurance                   2.90 USD   
  Expenses:Health:Medical:Insurance                 27.38 USD   
  Expenses:Health:Vision:Insurance                  42.30 USD   
  Expenses:Taxes:Y2013:US:Medicare                 106.62 USD   
  Expenses:Taxes:Y2013:US:Federal                 1062.92 USD   
  Expenses:Taxes:Y2013:US:State                    365.08 USD   
  Expenses:Taxes:Y2013:US:CityNYC                  174.92 USD   
  Expenses:Taxes:Y2013:US:SDI                        1.12 USD   
  Expenses:Taxes:Y2013:US:SocSec                     0.00 USD   
  Assets:US:Hoogle:Vacation                             5 VACHR 
  Income:US:Hoogle:Vacation                            -5 VACHR 

2014-01-02 * "Hoogle" | "Payroll"
  Assets:US:BofA:Checking                         1350.60 USD   
  Assets:US:Vanguard:Cash                         1200.00 USD   
  Assets:US:Federal:PreTax401k                   -1200.00 IRAUSD
  Expenses:Taxes:Y2014:US:Federal:PreTax401k      1200.00 IRAUSD
  Income:US:Hoogle:Salary                        -4615.38 USD   
  Income:US:Hoogle:GroupTermLife                   -24.32 USD   
  Expenses:Health:Life:GroupTermLife                24.32 USD   
  Expenses:Health:Dental:Insurance                   2.90 USD   
  Expenses:Health:Medical:Insurance                 27.38 USD   
  Expenses:Health:Vision:Insurance                  42.30 USD   
  Expenses:Taxes:Y2014:US:Medicare                 106.62 USD   
  Expenses:Taxes:Y2014:US:Federal                 1062.92 USD   
  Expenses:Taxes:Y2014:US:State                    365.08 USD   
  Expenses:Taxes:Y2014:US:CityNYC                  174.92 USD   
  Expenses:Taxes:Y2014:US:SDI                        1.12 USD   
  Expenses:Taxes:Y2014:US:SocSec                   281.54 USD   
  Assets:US:Hoogle:Vacation                             5 VACHR 
  Income:US:Hoogle:Vacation                            -5 VACHR 

2014-01-16 * "Hoogle" | "Payroll"
  Assets:US:BofA:Checking                         1350.60 USD   
  Assets:US:Vanguard:Cash                         1200.00 USD   
  Assets:US:Federal:PreTax401k                   -1200.00 IRAUSD
  Expenses:Taxes:Y2014:US:Federal:PreTax401k      1200.00 IRAUSD
  Income:US:Hoogle:Salary                        -4615.38 USD   
  Income:US:Hoogle:GroupTermLife                   -24.32 USD   
  Expenses:Health:Life:GroupTermLife                24.32 USD   
  Expenses:Health:Dental:Insurance                   2.90 USD   
  Expenses:Health:Medical:Insurance                 27.38 USD   
  Expenses:Health:Vision:Insurance                  42.30 USD   
  Expenses:Taxes:Y2014:US:Medicare                 106.62 USD   
  Expenses:Taxes:Y2014:US:Federal                 1062.92 USD   
  Expenses:Taxes:Y2014:US:State                    365.08 USD   
  Expenses:Taxes:Y2014:US:CityNYC                  174.92 USD   
  Expenses:Taxes:Y2014:US:SDI                        1.12 USD   
  Expenses:Taxes:Y2014:US:SocSec                   281.54 USD   
  Assets:US:Hoogle:Vacation                             5 VACHR 
  Income:US:Hoogle:Vacation                            -5 VACHR 

2014-01-30 * "Hoogle" | "Payroll"
  Assets:US:BofA:Checking                         1350.60 USD   
  Assets:US:Vanguard:Cash                         1200.00 USD   
  Assets:US:Federal:PreTax401k                   -1200.00 IRAUSD
  Expenses:Taxes:Y2014:US:Federal:PreTax401k      1200.00 IRAUSD
  Income:US:Hoogle:Salary                        -4615.38 USD   
  Income:US:Hoogle:GroupTermLife                   -24.32 USD   
  Expenses:Health:Life:GroupTermLife                24.32 USD   
  Expenses:Health:Dental:Insurance                   2.90 USD   
  Expenses:Health:Medical:Insurance                 27.38 USD   
  Expenses:Health:Vision:Insurance                  42.30 USD   
  Expenses:Taxes:Y2014:US:Medicare                 106.62 USD   
  Expenses:Taxes:Y2014:US:Federal                 1062.92 USD   
  Expenses:Taxes:Y2014:US:State                    365.08 USD   
  Expenses:Taxes:Y2014:US:CityNYC                  174.92 USD   
  Expenses:Taxes:Y2014:US:SDI                        1.12 USD   
  Expenses:Taxes:Y2014:US:SocSec                   281.54 USD   
  Assets:US:Hoogle:Vacation                             5 VACHR 
  Income:US:Hoogle:Vacation                            -5 VACHR 

2014-02-13 * "Hoogle" | "Payroll"
  Assets:US:BofA:Checking                         1350.60 USD   
  Assets:US:Vanguard:Cash                         1200.00 USD   
  Assets:US:Federal:PreTax401k                   -1200.00 IRAUSD
  Expenses:Taxes:Y2014:US:Federal:PreTax401k      1200.00 IRAUSD
  Income:US:Hoogle:Salary                        -4615.38 USD   
  Income:US:Hoogle:GroupTermLife                   -24.32 USD   
  Expenses:Health:Life:GroupTermLife                24.32 USD   
  Expenses:Health:Dental:Insurance                   2.90 USD   
  Expenses:Health:Medical:Insurance                 27.38 USD   
  Expenses:Health:Vision:Insurance                  42.30 USD   
  Expenses:Taxes:Y2014:US:Medicare                 106.62 USD   
  Expenses:Taxes:Y2014:US:Federal                 1062.92 USD   
  Expenses:Taxes:Y2014:US:State                    365.08 USD   
  Expenses:Taxes:Y2014:US:CityNYC                  174.92 USD   
  Expenses:Taxes:Y2014:US:SDI                        1.12 USD   
  Expenses:Taxes:Y2014:US:SocSec                   281.54 USD   
  Assets:US:Hoogle:Vacation                             5 VACHR 
  Income:US:Hoogle:Vacation                            -5 VACHR 

2014-02-27 * "Hoogle" | "Payroll"
  Assets:US:BofA:Checking                         1350.60 USD   
  Assets:US:Vanguard:Cash                         1200.00 USD   
  Assets:US:Federal:PreTax401k                   -1200.00 IRAUSD
  Expenses:Taxes:Y2014:US:Federal:PreTax401k      1200.00 IRAUSD
  Income:US:Hoogle:Salary                        -4615.38 USD   
  Income:US:Hoogle:GroupTermLife                   -24.32 USD   
  Expenses:Health:Life:GroupTermLife                24.32 USD   
  Expenses:Health:Dental:Insurance                   2.90 USD   
  Expenses:Health:Medical:Insurance                 27.38 USD   
  Expenses:Health:Vision:Insurance                  42.30 USD   
  Expenses:Taxes:Y2014:US:Medicare                 106.62 USD   
  Expenses:Taxes:Y2014:US:Federal                 1062.92 USD   
  Expenses:Taxes:Y2014:US:State                    365.08 USD   
  Expenses:Taxes:Y2014:US:CityNYC                  174.92 USD   
  Expenses:Taxes:Y2014:US:SDI                        1.12 USD   
  Expenses:Taxes:Y2014:US:SocSec                   281.54 USD   
  Assets:US:Hoogle:Vacation                             5 VACHR 
  Income:US:Hoogle:Vacation                            -5 VACHR 

2014-03-13 * "Hoogle" | "Payroll"
  Assets:US:BofA:Checking                         1350.60 USD   
  Assets:US:Vanguard:Cash                         1200.00 USD   
  Assets:US:Federal:PreTax401k                   -1200.00 IRAUSD
  Expenses:Taxes:Y2014:US:Federal:PreTax401k      1200.00 IRAUSD
  Income:US:Hoogle:Salary                        -4615.38 USD   
  Income:US:Hoogle:GroupTermLife                   -24.32 USD   
  Expenses:Health:Life:GroupTermLife                24.32 USD   
  Expenses:Health:Dental:Insurance                   2.90 USD   
  Expenses:Health:Medical:Insurance                 27.38 USD   
  Expenses:Health:Vision:Insurance                  42.30 USD   
  Expenses:Taxes:Y2014:US:Medicare                 106.62 USD   
  Expenses:Taxes:Y2014:US:Federal                 1062.92 USD   
  Expenses:Taxes:Y2014:US:State                    365.08 USD   
  Expenses:Taxes:Y2014:US:CityNYC                  174.92 USD   
  Expenses:Taxes:Y2014:US:SDI                        1.12 USD   
  Expenses:Taxes:Y2014:US:SocSec                   281.54 USD   
  Assets:US:Hoogle:Vacation                             5 VACHR 
  Income:US:Hoogle:Vacation                            -5 VACHR 

2014-03-27 * "Hoogle" | "Payroll"
  Assets:US:BofA:Checking                         1350.60 USD   
  Assets:US:Vanguard:Cash                         1200.00 USD   
  Assets:US:Federal:PreTax401k                   -1200.00 IRAUSD
  Expenses:Taxes:Y2014:US:Federal:PreTax401k      1200.00 IRAUSD
  Income:US:Hoogle:Salary                        -4615.38 USD   
  Income:US:Hoogle:GroupTermLife                   -24.32 USD   
  Expenses:Health:Life:GroupTermLife                24.32 USD   
  Expenses:Health:Dental:Insurance                   2.90 USD   
  Expenses:Health:Medical:Insurance                 27.38 USD   
  Expenses:Health:Vision:Insurance                  42.30 USD   
  Expenses:Taxes:Y2014:US:Medicare                 106.62 USD   
  Expenses:Taxes:Y2014:US:Federal                 1062.92 USD   
  Expenses:Taxes:Y2014:US:State                    365.08 USD   
  Expenses:Taxes:Y2014:US:CityNYC                  174.92 USD   
  Expenses:Taxes:Y2014:US:SDI                        1.12 USD   
  Expenses:Taxes:Y2014:US:SocSec                   281.54 USD   
  Assets:US:Hoogle:Vacation                             5 VACHR 
  Income:US:Hoogle:Vacation                            -5 VACHR 

2014-04-10 * "Hoogle" | "Payroll"
  Assets:US:BofA:Checking                         1350.60 USD   
  Assets:US:Vanguard:Cash                         1200.00 USD   
  Assets:US:Federal:PreTax401k                   -1200.00 IRAUSD
  Expenses:Taxes:Y2014:US:Federal:PreTax401k      1200.00 IRAUSD
  Income:US:Hoogle:Salary                        -4615.38 USD   
  Income:US:Hoogle:GroupTermLife                   -24.32 USD   
  Expenses:Health:Life:GroupTermLife                24.32 USD   
  Expenses:Health:Dental:Insurance                   2.90 USD   
  Expenses:Health:Medical:Insurance                 27.38 USD   
  Expenses:Health:Vision:Insurance                  42.30 USD   
  Expenses:Taxes:Y2014:US:Medicare                 106.62 USD   
  Expenses:Taxes:Y2014:US:Federal                 1062.92 USD   
  Expenses:Taxes:Y2014:US:State                    365.08 USD   
  Expenses:Taxes:Y2014:US:CityNYC                  174.92 USD   
  Expenses:Taxes:Y2014:US:SDI                        1.12 USD   
  Expenses:Taxes:Y2014:US:SocSec                   281.54 USD   
  Assets:US:Hoogle:Vacation                             5 VACHR 
  Income:US:Hoogle:Vacation                            -5 VACHR 

2014-04-24 * "Hoogle" | "Payroll"
  Assets:US:BofA:Checking                         1350.60 USD   
  Assets:US:Vanguard:Cash                         1200.00 USD   
  Assets:US:Federal:PreTax401k                   -1200.00 IRAUSD
  Expenses:Taxes:Y2014:US:Federal:PreTax401k      1200.00 IRAUSD
  Income:US:Hoogle:Salary                        -4615.38 USD   
  Income:US:Hoogle:GroupTermLife                   -24.32 USD   
  Expenses:Health:Life:GroupTermLife                24.32 USD   
  Expenses:Health:Dental:Insurance                   2.90 USD   
  Expenses:Health:Medical:Insurance                 27.38 USD   
  Expenses:Health:Vision:Insurance                  42.30 USD   
  Expenses:Taxes:Y2014:US:Medicare                 106.62 USD   
  Expenses:Taxes:Y2014:US:Federal                 1062.92 USD   
  Expenses:Taxes:Y2014:US:State                    365.08 USD   
  Expenses:Taxes:Y2014:US:CityNYC                  174.92 USD   
  Expenses:Taxes:Y2014:US:SDI                        1.12 USD   
  Expenses:Taxes:Y2014:US:SocSec                   281.54 USD   
  Assets:US:Hoogle:Vacation                             5 VACHR 
  Income:US:Hoogle:Vacation                            -5 VACHR 

2014-05-08 * "Hoogle" | "Payroll"
  Assets:US:BofA:Checking                         1350.60 USD   
  Assets:US:Vanguard:Cash                         1200.00 USD   
  Assets:US:Federal:PreTax401k                   -1200.00 IRAUSD
  Expenses:Taxes:Y2014:US:Federal:PreTax401k      1200.00 IRAUSD
  Income:US:Hoogle:Salary                        -4615.38 USD   
  Income:US:Hoogle:GroupTermLife                   -24.32 USD   
  Expenses:Health:Life:GroupTermLife                24.32 USD   
  Expenses:Health:Dental:Insurance                   2.90 USD   
  Expenses:Health:Medical:Insurance                 27.38 USD   
  Expenses:Health:Vision:Insurance                  42.30 USD   
  Expenses:Taxes:Y2014:US:Medicare                 106.62 USD   
  Expenses:Taxes:Y2014:US:Federal                 1062.92 USD   
  Expenses:Taxes:Y2014:US:State                    365.08 USD   
  Expenses:Taxes:Y2014:US:CityNYC                  174.92 USD   
  Expenses:Taxes:Y2014:US:SDI                        1.12 USD   
  Expenses:Taxes:Y2014:US:SocSec                   281.54 USD   
  Assets:US:Hoogle:Vacation                             5 VACHR 
  Income:US:Hoogle:Vacation                            -5 VACHR 

2014-05-22 * "Hoogle" | "Payroll"
  Assets:US:BofA:Checking                         1350.60 USD   
  Assets:US:Vanguard:Cash                         1200.00 USD   
  Assets:US:Federal:PreTax401k                   -1200.00 IRAUSD
  Expenses:Taxes:Y2014:US:Federal:PreTax401k      1200.00 IRAUSD
  Income:US:Hoogle:Salary                        -4615.38 USD   
  Income:US:Hoogle:GroupTermLife                   -24.32 USD   
  Expenses:Health:Life:GroupTermLife                24.32 USD   
  Expenses:Health:Dental:Insurance                   2.90 USD   
  Expenses:Health:Medical:Insurance                 27.38 USD   
  Expenses:Health:Vision:Insurance                  42.30 USD   
  Expenses:Taxes:Y2014:US:Medicare                 106.62 USD   
  Expenses:Taxes:Y2014:US:Federal                 1062.92 USD   
  Expenses:Taxes:Y2014:US:State                    365.08 USD   
  Expenses:Taxes:Y2014:US:CityNYC                  174.92 USD   
  Expenses:Taxes:Y2014:US:SDI                        1.12 USD   
  Expenses:Taxes:Y2014:US:SocSec                   281.54 USD   
  Assets:US:Hoogle:Vacation                             5 VACHR 
  Income:US:Hoogle:Vacation                            -5 VACHR 

2014-06-05 * "Hoogle" | "Payroll"
  Assets:US:BofA:Checking                         1350.60 USD   
  Assets:US:Vanguard:Cash                         1200.00 USD   
  Assets:US:Federal:PreTax401k                   -1200.00 IRAUSD
  Expenses:Taxes:Y2014:US:Federal:PreTax401k      1200.00 IRAUSD
  Income:US:Hoogle:Salary                        -4615.38 USD   
  Income:US:Hoogle:GroupTermLife                   -24.32 USD   
  Expenses:Health:Life:GroupTermLife                24.32 USD   
  Expenses:Health:Dental:Insurance                   2.90 USD   
  Expenses:Health:Medical:Insurance                 27.38 USD   
  Expenses:Health:Vision:Insurance                  42.30 USD   
  Expenses:Taxes:Y2014:US:Medicare                 106.62 USD   
  Expenses:Taxes:Y2014:US:Federal                 1062.92 USD   
  Expenses:Taxes:Y2014:US:State                    365.08 USD   
  Expenses:Taxes:Y2014:US:CityNYC                  174.92 USD   
  Expenses:Taxes:Y2014:US:SDI                        1.12 USD   
  Expenses:Taxes:Y2014:US:SocSec                   281.54 USD   
  Assets:US:Hoogle:Vacation                             5 VACHR 
  Income:US:Hoogle:Vacation                            -5 VACHR 

2014-06-19 * "Hoogle" | "Payroll"
  Assets:US:BofA:Checking                         1350.60 USD   
  Assets:US:Vanguard:Cash                         1200.00 USD   
  Assets:US:Federal:PreTax401k                   -1200.00 IRAUSD
  Expenses:Taxes:Y2014:US:Federal:PreTax401k      1200.00 IRAUSD
  Income:US:Hoogle:Salary                        -4615.38 USD   
  Income:US:Hoogle:GroupTermLife                   -24.32 USD   
  Expenses:Health:Life:GroupTermLife                24.32 USD   
  Expenses:Health:Dental:Insurance                   2.90 USD   
  Expenses:Health:Medical:Insurance                 27.38 USD   
  Expenses:Health:Vision:Insurance                  42.30 USD   
  Expenses:Taxes:Y2014:US:Medicare                 106.62 USD   
  Expenses:Taxes:Y2014:US:Federal                 1062.92 USD   
  Expenses:Taxes:Y2014:US:State                    365.08 USD   
  Expenses:Taxes:Y2014:US:CityNYC                  174.92 USD   
  Expenses:Taxes:Y2014:US:SDI                        1.12 USD   
  Expenses:Taxes:Y2014:US:SocSec                   281.54 USD   
  Assets:US:Hoogle:Vacation                             5 VACHR 
  Income:US:Hoogle:Vacation                            -5 VACHR 

2014-07-03 * "Hoogle" | "Payroll"
  Assets:US:BofA:Checking                         1350.60 USD   
  Assets:US:Vanguard:Cash                         1200.00 USD   
  Assets:US:Federal:PreTax401k                   -1200.00 IRAUSD
  Expenses:Taxes:Y2014:US:Federal:PreTax401k      1200.00 IRAUSD
  Income:US:Hoogle:Salary                        -4615.38 USD   
  Income:US:Hoogle:GroupTermLife                   -24.32 USD   
  Expenses:Health:Life:GroupTermLife                24.32 USD   
  Expenses:Health:Dental:Insurance                   2.90 USD   
  Expenses:Health:Medical:Insurance                 27.38 USD   
  Expenses:Health:Vision:Insurance                  42.30 USD   
  Expenses:Taxes:Y2014:US:Medicare                 106.62 USD   
  Expenses:Taxes:Y2014:US:Federal                 1062.92 USD   
  Expenses:Taxes:Y2014:US:State                    365.08 USD   
  Expenses:Taxes:Y2014:US:CityNYC                  174.92 USD   
  Expenses:Taxes:Y2014:US:SDI                        1.12 USD   
  Expenses:Taxes:Y2014:US:SocSec                   281.54 USD   
  Assets:US:Hoogle:Vacation                             5 VACHR 
  Income:US:Hoogle:Vacation                            -5 VACHR 

2014-07-17 * "Hoogle" | "Payroll"
  Assets:US:BofA:Checking                         1850.60 USD   
  Assets:US:Vanguard:Cash                          700.00 USD   
  Assets:US:Federal:PreTax401k                    -700.00 IRAUSD
  Expenses:Taxes:Y2014:US:Federal:PreTax401k       700.00 IRAUSD
  Income:US:Hoogle:Salary                        -4615.38 USD   
  Income:US:Hoogle:GroupTermLife                   -24.32 USD   
  Expenses:Health:Life:GroupTermLife                24.32 USD   
  Expenses:Health:Dental:Insurance                   2.90 USD   
  Expenses:Health:Medical:Insurance                 27.38 USD   
  Expenses:Health:Vision:Insurance                  42.30 USD   
  Expenses:Taxes:Y2014:US:Medicare                 106.62 USD   
  Expenses:Taxes:Y2014:US:Federal                 1062.92 USD   
  Expenses:Taxes:Y2014:US:State                    365.08 USD   
  Expenses:Taxes:Y2014:US:CityNYC                  174.92 USD   
  Expenses:Taxes:Y2014:US:SDI                        1.12 USD   
  Expenses:Taxes:Y2014:US:SocSec                   281.54 USD   
  Assets:US:Hoogle:Vacation                             5 VACHR 
  Income:US:Hoogle:Vacation                            -5 VACHR 

2014-07-31 * "Hoogle" | "Payroll"
  Assets:US:BofA:Checking                         2550.60 USD   
  Assets:US:Federal:PreTax401k                       0.00 IRAUSD
  Income:US:Hoogle:Salary                        -4615.38 USD   
  Income:US:Hoogle:GroupTermLife                   -24.32 USD   
  Expenses:Health:Life:GroupTermLife                24.32 USD   
  Expenses:Health:Dental:Insurance                   2.90 USD   
  Expenses:Health:Medical:Insurance                 27.38 USD   
  Expenses:Health:Vision:Insurance                  42.30 USD   
  Expenses:Taxes:Y2014:US:Medicare                 106.62 USD   
  Expenses:Taxes:Y2014:US:Federal                 1062.92 USD   
  Expenses:Taxes:Y2014:US:State                    365.08 USD   
  Expenses:Taxes:Y2014:US:CityNYC                  174.92 USD   
  Expenses:Taxes:Y2014:US:SDI                        1.12 USD   
  Expenses:Taxes:Y2014:US:SocSec                   281.54 USD   
  Assets:US:Hoogle:Vacation                             5 VACHR 
  Income:US:Hoogle:Vacation                            -5 VACHR 

2014-08-14 * "Hoogle" | "Payroll"
  Assets:US:BofA:Checking                         2550.60 USD   
  Assets:US:Federal:PreTax401k                       0.00 IRAUSD
  Income:US:Hoogle:Salary                        -4615.38 USD   
  Income:US:Hoogle:GroupTermLife                   -24.32 USD   
  Expenses:Health:Life:GroupTermLife                24.32 USD   
  Expenses:Health:Dental:Insurance                   2.90 USD   
  Expenses:Health:Medical:Insurance                 27.38 USD   
  Expenses:Health:Vision:Insurance                  42.30 USD   
  Expenses:Taxes:Y2014:US:Medicare                 106.62 USD   
  Expenses:Taxes:Y2014:US:Federal                 1062.92 USD   
  Expenses:Taxes:Y2014:US:State                    365.08 USD   
  Expenses:Taxes:Y2014:US:CityNYC                  174.92 USD   
  Expenses:Taxes:Y2014:US:SDI                        1.12 USD   
  Expenses:Taxes:Y2014:US:SocSec                   281.54 USD   
  Assets:US:Hoogle:Vacation                             5 VACHR 
  Income:US:Hoogle:Vacation                            -5 VACHR 

2014-08-28 * "Hoogle" | "Payroll"
  Assets:US:BofA:Checking                         2550.60 USD   
  Assets:US:Federal:PreTax401k                       0.00 IRAUSD
  Income:US:Hoogle:Salary                        -4615.38 USD   
  Income:US:Hoogle:GroupTermLife                   -24.32 USD   
  Expenses:Health:Life:GroupTermLife                24.32 USD   
  Expenses:Health:Dental:Insurance                   2.90 USD   
  Expenses:Health:Medical:Insurance                 27.38 USD   
  Expenses:Health:Vision:Insurance                  42.30 USD   
  Expenses:Taxes:Y2014:US:Medicare                 106.62 USD   
  Expenses:Taxes:Y2014:US:Federal                 1062.92 USD   
  Expenses:Taxes:Y2014:US:State                    365.08 USD   
  Expenses:Taxes:Y2014:US:CityNYC                  174.92 USD   
  Expenses:Taxes:Y2014:US:SDI                        1.12 USD   
  Expenses:Taxes:Y2014:US:SocSec                   281.54 USD   
  Assets:US:Hoogle:Vacation                             5 VACHR 
  Income:US:Hoogle:Vacation                            -5 VACHR 

2014-09-11 * "Hoogle" | "Payroll"
  Assets:US:BofA:Checking                         2550.60 USD   
  Assets:US:Federal:PreTax401k                       0.00 IRAUSD
  Income:US:Hoogle:Salary                        -4615.38 USD   
  Income:US:Hoogle:GroupTermLife                   -24.32 USD   
  Expenses:Health:Life:GroupTermLife                24.32 USD   
  Expenses:Health:Dental:Insurance                   2.90 USD   
  Expenses:Health:Medical:Insurance                 27.38 USD   
  Expenses:Health:Vision:Insurance                  42.30 USD   
  Expenses:Taxes:Y2014:US:Medicare                 106.62 USD   
  Expenses:Taxes:Y2014:US:Federal                 1062.92 USD   
  Expenses:Taxes:Y2014:US:State                    365.08 USD   
  Expenses:Taxes:Y2014:US:CityNYC                  174.92 USD   
  Expenses:Taxes:Y2014:US:SDI                        1.12 USD   
  Expenses:Taxes:Y2014:US:SocSec                   281.54 USD   
  Assets:US:Hoogle:Vacation                             5 VACHR 
  Income:US:Hoogle:Vacation                            -5 VACHR 

2014-09-25 * "Hoogle" | "Payroll"
  Assets:US:BofA:Checking                         2550.60 USD   
  Assets:US:Federal:PreTax401k                       0.00 IRAUSD
  Income:US:Hoogle:Salary                        -4615.38 USD   
  Income:US:Hoogle:GroupTermLife                   -24.32 USD   
  Expenses:Health:Life:GroupTermLife                24.32 USD   
  Expenses:Health:Dental:Insurance                   2.90 USD   
  Expenses:Health:Medical:Insurance                 27.38 USD   
  Expenses:Health:Vision:Insurance                  42.30 USD   
  Expenses:Taxes:Y2014:US:Medicare                 106.62 USD   
  Expenses:Taxes:Y2014:US:Federal                 1062.92 USD   
  Expenses:Taxes:Y2014:US:State                    365.08 USD   
  Expenses:Taxes:Y2014:US:CityNYC                  174.92 USD   
  Expenses:Taxes:Y2014:US:SDI                        1.12 USD   
  Expenses:Taxes:Y2014:US:SocSec                   281.54 USD   
  Assets:US:Hoogle:Vacation                             5 VACHR 
  Income:US:Hoogle:Vacation                            -5 VACHR 

2014-10-09 * "Hoogle" | "Payroll"
  Assets:US:BofA:Checking                         2550.60 USD   
  Assets:US:Federal:PreTax401k                       0.00 IRAUSD
  Income:US:Hoogle:Salary                        -4615.38 USD   
  Income:US:Hoogle:GroupTermLife                   -24.32 USD   
  Expenses:Health:Life:GroupTermLife                24.32 USD   
  Expenses:Health:Dental:Insurance                   2.90 USD   
  Expenses:Health:Medical:Insurance                 27.38 USD   
  Expenses:Health:Vision:Insurance                  42.30 USD   
  Expenses:Taxes:Y2014:US:Medicare                 106.62 USD   
  Expenses:Taxes:Y2014:US:Federal                 1062.92 USD   
  Expenses:Taxes:Y2014:US:State                    365.08 USD   
  Expenses:Taxes:Y2014:US:CityNYC                  174.92 USD   
  Expenses:Taxes:Y2014:US:SDI                        1.12 USD   
  Expenses:Taxes:Y2014:US:SocSec                   281.54 USD   
  Assets:US:Hoogle:Vacation                             5 VACHR 
  Income:US:Hoogle:Vacation                            -5 VACHR 

2014-10-23 * "Hoogle" | "Payroll"
  Assets:US:BofA:Checking                         2550.60 USD   
  Assets:US:Federal:PreTax401k                       0.00 IRAUSD
  Income:US:Hoogle:Salary                        -4615.38 USD   
  Income:US:Hoogle:GroupTermLife                   -24.32 USD   
  Expenses:Health:Life:GroupTermLife                24.32 USD   
  Expenses:Health:Dental:Insurance                   2.90 USD   
  Expenses:Health:Medical:Insurance                 27.38 USD   
  Expenses:Health:Vision:Insurance                  42.30 USD   
  Expenses:Taxes:Y2014:US:Medicare                 106.62 USD   
  Expenses:Taxes:Y2014:US:Federal                 1062.92 USD   
  Expenses:Taxes:Y2014:US:State                    365.08 USD   
  Expenses:Taxes:Y2014:US:CityNYC                  174.92 USD   
  Expenses:Taxes:Y2014:US:SDI                        1.12 USD   
  Expenses:Taxes:Y2014:US:SocSec                   281.54 USD   
  Assets:US:Hoogle:Vacation                             5 VACHR 
  Income:US:Hoogle:Vacation                            -5 VACHR 

2014-11-06 * "Hoogle" | "Payroll"
  Assets:US:BofA:Checking                         2550.60 USD   
  Assets:US:Federal:PreTax401k                       0.00 IRAUSD
  Income:US:Hoogle:Salary                        -4615.38 USD   
  Income:US:Hoogle:GroupTermLife                   -24.32 USD   
  Expenses:Health:Life:GroupTermLife                24.32 USD   
  Expenses:Health:Dental:Insurance                   2.90 USD   
  Expenses:Health:Medical:Insurance                 27.38 USD   
  Expenses:Health:Vision:Insurance                  42.30 USD   
  Expenses:Taxes:Y2014:US:Medicare                 106.62 USD   
  Expenses:Taxes:Y2014:US:Federal                 1062.92 USD   
  Expenses:Taxes:Y2014:US:State                    365.08 USD   
  Expenses:Taxes:Y2014:US:CityNYC                  174.92 USD   
  Expenses:Taxes:Y2014:US:SDI                        1.12 USD   
  Expenses:Taxes:Y2014:US:SocSec                   281.54 USD   
  Assets:US:Hoogle:Vacation                             5 VACHR 
  Income:US:Hoogle:Vacation                            -5 VACHR 

2014-11-20 * "Hoogle" | "Payroll"
  Assets:US:BofA:Checking                         2550.60 USD   
  Assets:US:Federal:PreTax401k                       0.00 IRAUSD
  Income:US:Hoogle:Salary                        -4615.38 USD   
  Income:US:Hoogle:GroupTermLife                   -24.32 USD   
  Expenses:Health:Life:GroupTermLife                24.32 USD   
  Expenses:Health:Dental:Insurance                   2.90 USD   
  Expenses:Health:Medical:Insurance                 27.38 USD   
  Expenses:Health:Vision:Insurance                  42.30 USD   
  Expenses:Taxes:Y2014:US:Medicare                 106.62 USD   
  Expenses:Taxes:Y2014:US:Federal                 1062.92 USD   
  Expenses:Taxes:Y2014:US:State                    365.08 USD   
  Expenses:Taxes:Y2014:US:CityNYC                  174.92 USD   
  Expenses:Taxes:Y2014:US:SDI                        1.12 USD   
  Expenses:Taxes:Y2014:US:SocSec                   281.54 USD   
  Assets:US:Hoogle:Vacation                             5 VACHR 
  Income:US:Hoogle:Vacation                            -5 VACHR 

2014-12-04 * "Hoogle" | "Payroll"
  Assets:US:BofA:Checking                         2589.06 USD   
  Assets:US:Federal:PreTax401k                       0.00 IRAUSD
  Income:US:Hoogle:Salary                        -4615.38 USD   
  Income:US:Hoogle:GroupTermLife                   -24.32 USD   
  Expenses:Health:Life:GroupTermLife                24.32 USD   
  Expenses:Health:Dental:Insurance                   2.90 USD   
  Expenses:Health:Medical:Insurance                 27.38 USD   
  Expenses:Health:Vision:Insurance                  42.30 USD   
  Expenses:Taxes:Y2014:US:Medicare                 106.62 USD   
  Expenses:Taxes:Y2014:US:Federal                 1062.92 USD   
  Expenses:Taxes:Y2014:US:State                    365.08 USD   
  Expenses:Taxes:Y2014:US:CityNYC                  174.92 USD   
  Expenses:Taxes:Y2014:US:SDI                        1.12 USD   
  Expenses:Taxes:Y2014:US:SocSec                   243.08 USD   
  Assets:US:Hoogle:Vacation                             5 VACHR 
  Income:US:Hoogle:Vacation                            -5 VACHR 

2014-12-18 * "Hoogle" | "Payroll"
  Assets:US:BofA:Checking                         2832.14 USD   
  Assets:US:Federal:PreTax401k                       0.00 IRAUSD
  Income:US:Hoogle:Salary                        -4615.38 USD   
  Income:US:Hoogle:GroupTermLife                   -24.32 USD   
  Expenses:Health:Life:GroupTermLife                24.32 USD   
  Expenses:Health:Dental:Insurance                   2.90 USD   
  Expenses:Health:Medical:Insurance                 27.38 USD   
  Expenses:Health:Vision:Insurance                  42.30 USD   
  Expenses:Taxes:Y2014:US:Medicare                 106.62 USD   
  Expenses:Taxes:Y2014:US:Federal                 1062.92 USD   
  Expenses:Taxes:Y2014:US:State                    365.08 USD   
  Expenses:Taxes:Y2014:US:CityNYC                  174.92 USD   
  Expenses:Taxes:Y2014:US:SDI                        1.12 USD   
  Expenses:Taxes:Y2014:US:SocSec                     0.00 USD   
  Assets:US:Hoogle:Vacation                             5 VACHR 
  Income:US:Hoogle:Vacation                            -5 VACHR 

2015-01-01 * "Hoogle" | "Payroll"
  Assets:US:BofA:Checking                         1350.60 USD   
  Assets:US:Vanguard:Cash                         1200.00 USD   
  Assets:US:Federal:PreTax401k                   -1200.00 IRAUSD
  Expenses:Taxes:Y2015:US:Federal:PreTax401k      1200.00 IRAUSD
  Income:US:Hoogle:Salary                        -4615.38 USD   
  Income:US:Hoogle:GroupTermLife                   -24.32 USD   
  Expenses:Health:Life:GroupTermLife                24.32 USD   
  Expenses:Health:Dental:Insurance                   2.90 USD   
  Expenses:Health:Medical:Insurance                 27.38 USD   
  Expenses:Health:Vision:Insurance                  42.30 USD   
  Expenses:Taxes:Y2015:US:Medicare                 106.62 USD   
  Expenses:Taxes:Y2015:US:Federal                 1062.92 USD   
  Expenses:Taxes:Y2015:US:State                    365.08 USD   
  Expenses:Taxes:Y2015:US:CityNYC                  174.92 USD   
  Expenses:Taxes:Y2015:US:SDI                        1.12 USD   
  Expenses:Taxes:Y2015:US:SocSec                   281.54 USD   
  Assets:US:Hoogle:Vacation                             5 VACHR 
  Income:US:Hoogle:Vacation                            -5 VACHR 

2015-01-15 * "Hoogle" | "Payroll"
  Assets:US:BofA:Checking                         1350.60 USD   
  Assets:US:Vanguard:Cash                         1200.00 USD   
  Assets:US:Federal:PreTax401k                   -1200.00 IRAUSD
  Expenses:Taxes:Y2015:US:Federal:PreTax401k      1200.00 IRAUSD
  Income:US:Hoogle:Salary                        -4615.38 USD   
  Income:US:Hoogle:GroupTermLife                   -24.32 USD   
  Expenses:Health:Life:GroupTermLife                24.32 USD   
  Expenses:Health:Dental:Insurance                   2.90 USD   
  Expenses:Health:Medical:Insurance                 27.38 USD   
  Expenses:Health:Vision:Insurance                  42.30 USD   
  Expenses:Taxes:Y2015:US:Medicare                 106.62 USD   
  Expenses:Taxes:Y2015:US:Federal                 1062.92 USD   
  Expenses:Taxes:Y2015:US:State                    365.08 USD   
  Expenses:Taxes:Y2015:US:CityNYC                  174.92 USD   
  Expenses:Taxes:Y2015:US:SDI                        1.12 USD   
  Expenses:Taxes:Y2015:US:SocSec                   281.54 USD   
  Assets:US:Hoogle:Vacation                             5 VACHR 
  Income:US:Hoogle:Vacation                            -5 VACHR 

2015-01-29 * "Hoogle" | "Payroll"
  Assets:US:BofA:Checking                         1350.60 USD   
  Assets:US:Vanguard:Cash                         1200.00 USD   
  Assets:US:Federal:PreTax401k                   -1200.00 IRAUSD
  Expenses:Taxes:Y2015:US:Federal:PreTax401k      1200.00 IRAUSD
  Income:US:Hoogle:Salary                        -4615.38 USD   
  Income:US:Hoogle:GroupTermLife                   -24.32 USD   
  Expenses:Health:Life:GroupTermLife                24.32 USD   
  Expenses:Health:Dental:Insurance                   2.90 USD   
  Expenses:Health:Medical:Insurance                 27.38 USD   
  Expenses:Health:Vision:Insurance                  42.30 USD   
  Expenses:Taxes:Y2015:US:Medicare                 106.62 USD   
  Expenses:Taxes:Y2015:US:Federal                 1062.92 USD   
  Expenses:Taxes:Y2015:US:State                    365.08 USD   
  Expenses:Taxes:Y2015:US:CityNYC                  174.92 USD   
  Expenses:Taxes:Y2015:US:SDI                        1.12 USD   
  Expenses:Taxes:Y2015:US:SocSec                   281.54 USD   
  Assets:US:Hoogle:Vacation                             5 VACHR 
  Income:US:Hoogle:Vacation                            -5 VACHR 

2015-02-12 * "Hoogle" | "Payroll"
  Assets:US:BofA:Checking                         1350.60 USD   
  Assets:US:Vanguard:Cash                         1200.00 USD   
  Assets:US:Federal:PreTax401k                   -1200.00 IRAUSD
  Expenses:Taxes:Y2015:US:Federal:PreTax401k      1200.00 IRAUSD
  Income:US:Hoogle:Salary                        -4615.38 USD   
  Income:US:Hoogle:GroupTermLife                   -24.32 USD   
  Expenses:Health:Life:GroupTermLife                24.32 USD   
  Expenses:Health:Dental:Insurance                   2.90 USD   
  Expenses:Health:Medical:Insurance                 27.38 USD   
  Expenses:Health:Vision:Insurance                  42.30 USD   
  Expenses:Taxes:Y2015:US:Medicare                 106.62 USD   
  Expenses:Taxes:Y2015:US:Federal                 1062.92 USD   
  Expenses:Taxes:Y2015:US:State                    365.08 USD   
  Expenses:Taxes:Y2015:US:CityNYC                  174.92 USD   
  Expenses:Taxes:Y2015:US:SDI                        1.12 USD   
  Expenses:Taxes:Y2015:US:SocSec                   281.54 USD   
  Assets:US:Hoogle:Vacation                             5 VACHR 
  Income:US:Hoogle:Vacation                            -5 VACHR 

2015-02-26 * "Hoogle" | "Payroll"
  Assets:US:BofA:Checking                         1350.60 USD   
  Assets:US:Vanguard:Cash                         1200.00 USD   
  Assets:US:Federal:PreTax401k                   -1200.00 IRAUSD
  Expenses:Taxes:Y2015:US:Federal:PreTax401k      1200.00 IRAUSD
  Income:US:Hoogle:Salary                        -4615.38 USD   
  Income:US:Hoogle:GroupTermLife                   -24.32 USD   
  Expenses:Health:Life:GroupTermLife                24.32 USD   
  Expenses:Health:Dental:Insurance                   2.90 USD   
  Expenses:Health:Medical:Insurance                 27.38 USD   
  Expenses:Health:Vision:Insurance                  42.30 USD   
  Expenses:Taxes:Y2015:US:Medicare                 106.62 USD   
  Expenses:Taxes:Y2015:US:Federal                 1062.92 USD   
  Expenses:Taxes:Y2015:US:State                    365.08 USD   
  Expenses:Taxes:Y2015:US:CityNYC                  174.92 USD   
  Expenses:Taxes:Y2015:US:SDI                        1.12 USD   
  Expenses:Taxes:Y2015:US:SocSec                   281.54 USD   
  Assets:US:Hoogle:Vacation                             5 VACHR 
  Income:US:Hoogle:Vacation                            -5 VACHR 

2015-03-12 * "Hoogle" | "Payroll"
  Assets:US:BofA:Checking                         1350.60 USD   
  Assets:US:Vanguard:Cash                         1200.00 USD   
  Assets:US:Federal:PreTax401k                   -1200.00 IRAUSD
  Expenses:Taxes:Y2015:US:Federal:PreTax401k      1200.00 IRAUSD
  Income:US:Hoogle:Salary                        -4615.38 USD   
  Income:US:Hoogle:GroupTermLife                   -24.32 USD   
  Expenses:Health:Life:GroupTermLife                24.32 USD   
  Expenses:Health:Dental:Insurance                   2.90 USD   
  Expenses:Health:Medical:Insurance                 27.38 USD   
  Expenses:Health:Vision:Insurance                  42.30 USD   
  Expenses:Taxes:Y2015:US:Medicare                 106.62 USD   
  Expenses:Taxes:Y2015:US:Federal                 1062.92 USD   
  Expenses:Taxes:Y2015:US:State                    365.08 USD   
  Expenses:Taxes:Y2015:US:CityNYC                  174.92 USD   
  Expenses:Taxes:Y2015:US:SDI                        1.12 USD   
  Expenses:Taxes:Y2015:US:SocSec                   281.54 USD   
  Assets:US:Hoogle:Vacation                             5 VACHR 
  Income:US:Hoogle:Vacation                            -5 VACHR 

2015-03-26 * "Hoogle" | "Payroll"
  Assets:US:BofA:Checking                         1350.60 USD   
  Assets:US:Vanguard:Cash                         1200.00 USD   
  Assets:US:Federal:PreTax401k                   -1200.00 IRAUSD
  Expenses:Taxes:Y2015:US:Federal:PreTax401k      1200.00 IRAUSD
  Income:US:Hoogle:Salary                        -4615.38 USD   
  Income:US:Hoogle:GroupTermLife                   -24.32 USD   
  Expenses:Health:Life:GroupTermLife                24.32 USD   
  Expenses:Health:Dental:Insurance                   2.90 USD   
  Expenses:Health:Medical:Insurance                 27.38 USD   
  Expenses:Health:Vision:Insurance                  42.30 USD   
  Expenses:Taxes:Y2015:US:Medicare                 106.62 USD   
  Expenses:Taxes:Y2015:US:Federal                 1062.92 USD   
  Expenses:Taxes:Y2015:US:State                    365.08 USD   
  Expenses:Taxes:Y2015:US:CityNYC                  174.92 USD   
  Expenses:Taxes:Y2015:US:SDI                        1.12 USD   
  Expenses:Taxes:Y2015:US:SocSec                   281.54 USD   
  Assets:US:Hoogle:Vacation                             5 VACHR 
  Income:US:Hoogle:Vacation                            -5 VACHR 

2015-04-09 * "Hoogle" | "Payroll"
  Assets:US:BofA:Checking                         1350.60 USD   
  Assets:US:Vanguard:Cash                         1200.00 USD   
  Assets:US:Federal:PreTax401k                   -1200.00 IRAUSD
  Expenses:Taxes:Y2015:US:Federal:PreTax401k      1200.00 IRAUSD
  Income:US:Hoogle:Salary                        -4615.38 USD   
  Income:US:Hoogle:GroupTermLife                   -24.32 USD   
  Expenses:Health:Life:GroupTermLife                24.32 USD   
  Expenses:Health:Dental:Insurance                   2.90 USD   
  Expenses:Health:Medical:Insurance                 27.38 USD   
  Expenses:Health:Vision:Insurance                  42.30 USD   
  Expenses:Taxes:Y2015:US:Medicare                 106.62 USD   
  Expenses:Taxes:Y2015:US:Federal                 1062.92 USD   
  Expenses:Taxes:Y2015:US:State                    365.08 USD   
  Expenses:Taxes:Y2015:US:CityNYC                  174.92 USD   
  Expenses:Taxes:Y2015:US:SDI                        1.12 USD   
  Expenses:Taxes:Y2015:US:SocSec                   281.54 USD   
  Assets:US:Hoogle:Vacation                             5 VACHR 
  Income:US:Hoogle:Vacation                            -5 VACHR 

2015-04-23 * "Hoogle" | "Payroll"
  Assets:US:BofA:Checking                         1350.60 USD   
  Assets:US:Vanguard:Cash                         1200.00 USD   
  Assets:US:Federal:PreTax401k                   -1200.00 IRAUSD
  Expenses:Taxes:Y2015:US:Federal:PreTax401k      1200.00 IRAUSD
  Income:US:Hoogle:Salary                        -4615.38 USD   
  Income:US:Hoogle:GroupTermLife                   -24.32 USD   
  Expenses:Health:Life:GroupTermLife                24.32 USD   
  Expenses:Health:Dental:Insurance                   2.90 USD   
  Expenses:Health:Medical:Insurance                 27.38 USD   
  Expenses:Health:Vision:Insurance                  42.30 USD   
  Expenses:Taxes:Y2015:US:Medicare                 106.62 USD   
  Expenses:Taxes:Y2015:US:Federal                 1062.92 USD   
  Expenses:Taxes:Y2015:US:State                    365.08 USD   
  Expenses:Taxes:Y2015:US:CityNYC                  174.92 USD   
  Expenses:Taxes:Y2015:US:SDI                        1.12 USD   
  Expenses:Taxes:Y2015:US:SocSec                   281.54 USD   
  Assets:US:Hoogle:Vacation                             5 VACHR 
  Income:US:Hoogle:Vacation                            -5 VACHR 

2015-05-07 * "Hoogle" | "Payroll"
  Assets:US:BofA:Checking                         1350.60 USD   
  Assets:US:Vanguard:Cash                         1200.00 USD   
  Assets:US:Federal:PreTax401k                   -1200.00 IRAUSD
  Expenses:Taxes:Y2015:US:Federal:PreTax401k      1200.00 IRAUSD
  Income:US:Hoogle:Salary                        -4615.38 USD   
  Income:US:Hoogle:GroupTermLife                   -24.32 USD   
  Expenses:Health:Life:GroupTermLife                24.32 USD   
  Expenses:Health:Dental:Insurance                   2.90 USD   
  Expenses:Health:Medical:Insurance                 27.38 USD   
  Expenses:Health:Vision:Insurance                  42.30 USD   
  Expenses:Taxes:Y2015:US:Medicare                 106.62 USD   
  Expenses:Taxes:Y2015:US:Federal                 1062.92 USD   
  Expenses:Taxes:Y2015:US:State                    365.08 USD   
  Expenses:Taxes:Y2015:US:CityNYC                  174.92 USD   
  Expenses:Taxes:Y2015:US:SDI                        1.12 USD   
  Expenses:Taxes:Y2015:US:SocSec                   281.54 USD   
  Assets:US:Hoogle:Vacation                             5 VACHR 
  Income:US:Hoogle:Vacation                            -5 VACHR 

2015-05-21 * "Hoogle" | "Payroll"
  Assets:US:BofA:Checking                         1350.60 USD   
  Assets:US:Vanguard:Cash                         1200.00 USD   
  Assets:US:Federal:PreTax401k                   -1200.00 IRAUSD
  Expenses:Taxes:Y2015:US:Federal:PreTax401k      1200.00 IRAUSD
  Income:US:Hoogle:Salary                        -4615.38 USD   
  Income:US:Hoogle:GroupTermLife                   -24.32 USD   
  Expenses:Health:Life:GroupTermLife                24.32 USD   
  Expenses:Health:Dental:Insurance                   2.90 USD   
  Expenses:Health:Medical:Insurance                 27.38 USD   
  Expenses:Health:Vision:Insurance                  42.30 USD   
  Expenses:Taxes:Y2015:US:Medicare                 106.62 USD   
  Expenses:Taxes:Y2015:US:Federal                 1062.92 USD   
  Expenses:Taxes:Y2015:US:State                    365.08 USD   
  Expenses:Taxes:Y2015:US:CityNYC                  174.92 USD   
  Expenses:Taxes:Y2015:US:SDI                        1.12 USD   
  Expenses:Taxes:Y2015:US:SocSec                   281.54 USD   
  Assets:US:Hoogle:Vacation                             5 VACHR 
  Income:US:Hoogle:Vacation                            -5 VACHR 

2015-06-04 * "Hoogle" | "Payroll"
  Assets:US:BofA:Checking                         1350.60 USD   
  Assets:US:Vanguard:Cash                         1200.00 USD   
  Assets:US:Federal:PreTax401k                   -1200.00 IRAUSD
  Expenses:Taxes:Y2015:US:Federal:PreTax401k      1200.00 IRAUSD
  Income:US:Hoogle:Salary                        -4615.38 USD   
  Income:US:Hoogle:GroupTermLife                   -24.32 USD   
  Expenses:Health:Life:GroupTermLife                24.32 USD   
  Expenses:Health:Dental:Insurance                   2.90 USD   
  Expenses:Health:Medical:Insurance                 27.38 USD   
  Expenses:Health:Vision:Insurance                  42.30 USD   
  Expenses:Taxes:Y2015:US:Medicare                 106.62 USD   
  Expenses:Taxes:Y2015:US:Federal                 1062.92 USD   
  Expenses:Taxes:Y2015:US:State                    365.08 USD   
  Expenses:Taxes:Y2015:US:CityNYC                  174.92 USD   
  Expenses:Taxes:Y2015:US:SDI                        1.12 USD   
  Expenses:Taxes:Y2015:US:SocSec                   281.54 USD   
  Assets:US:Hoogle:Vacation                             5 VACHR 
  Income:US:Hoogle:Vacation                            -5 VACHR 

2015-06-18 * "Hoogle" | "Payroll"
  Assets:US:BofA:Checking                         1350.60 USD   
  Assets:US:Vanguard:Cash                         1200.00 USD   
  Assets:US:Federal:PreTax401k                   -1200.00 IRAUSD
  Expenses:Taxes:Y2015:US:Federal:PreTax401k      1200.00 IRAUSD
  Income:US:Hoogle:Salary                        -4615.38 USD   
  Income:US:Hoogle:GroupTermLife                   -24.32 USD   
  Expenses:Health:Life:GroupTermLife                24.32 USD   
  Expenses:Health:Dental:Insurance                   2.90 USD   
  Expenses:Health:Medical:Insurance                 27.38 USD   
  Expenses:Health:Vision:Insurance                  42.30 USD   
  Expenses:Taxes:Y2015:US:Medicare                 106.62 USD   
  Expenses:Taxes:Y2015:US:Federal                 1062.92 USD   
  Expenses:Taxes:Y2015:US:State                    365.08 USD   
  Expenses:Taxes:Y2015:US:CityNYC                  174.92 USD   
  Expenses:Taxes:Y2015:US:SDI                        1.12 USD   
  Expenses:Taxes:Y2015:US:SocSec                   281.54 USD   
  Assets:US:Hoogle:Vacation                             5 VACHR 
  Income:US:Hoogle:Vacation                            -5 VACHR 

2015-07-02 * "Hoogle" | "Payroll"
  Assets:US:BofA:Checking                         1350.60 USD   
  Assets:US:Vanguard:Cash                         1200.00 USD   
  Assets:US:Federal:PreTax401k                   -1200.00 IRAUSD
  Expenses:Taxes:Y2015:US:Federal:PreTax401k      1200.00 IRAUSD
  Income:US:Hoogle:Salary                        -4615.38 USD   
  Income:US:Hoogle:GroupTermLife                   -24.32 USD   
  Expenses:Health:Life:GroupTermLife                24.32 USD   
  Expenses:Health:Dental:Insurance                   2.90 USD   
  Expenses:Health:Medical:Insurance                 27.38 USD   
  Expenses:Health:Vision:Insurance                  42.30 USD   
  Expenses:Taxes:Y2015:US:Medicare                 106.62 USD   
  Expenses:Taxes:Y2015:US:Federal                 1062.92 USD   
  Expenses:Taxes:Y2015:US:State                    365.08 USD   
  Expenses:Taxes:Y2015:US:CityNYC                  174.92 USD   
  Expenses:Taxes:Y2015:US:SDI                        1.12 USD   
  Expenses:Taxes:Y2015:US:SocSec                   281.54 USD   
  Assets:US:Hoogle:Vacation                             5 VACHR 
  Income:US:Hoogle:Vacation                            -5 VACHR 

2015-07-16 * "Hoogle" | "Payroll"
  Assets:US:BofA:Checking                         1350.60 USD   
  Assets:US:Vanguard:Cash                         1200.00 USD   
  Assets:US:Federal:PreTax401k                   -1200.00 IRAUSD
  Expenses:Taxes:Y2015:US:Federal:PreTax401k      1200.00 IRAUSD
  Income:US:Hoogle:Salary                        -4615.38 USD   
  Income:US:Hoogle:GroupTermLife                   -24.32 USD   
  Expenses:Health:Life:GroupTermLife                24.32 USD   
  Expenses:Health:Dental:Insurance                   2.90 USD   
  Expenses:Health:Medical:Insurance                 27.38 USD   
  Expenses:Health:Vision:Insurance                  42.30 USD   
  Expenses:Taxes:Y2015:US:Medicare                 106.62 USD   
  Expenses:Taxes:Y2015:US:Federal                 1062.92 USD   
  Expenses:Taxes:Y2015:US:State                    365.08 USD   
  Expenses:Taxes:Y2015:US:CityNYC                  174.92 USD   
  Expenses:Taxes:Y2015:US:SDI                        1.12 USD   
  Expenses:Taxes:Y2015:US:SocSec                   281.54 USD   
  Assets:US:Hoogle:Vacation                             5 VACHR 
  Income:US:Hoogle:Vacation                            -5 VACHR 

2015-07-30 * "Hoogle" | "Payroll"
  Assets:US:BofA:Checking                         2550.60 USD   
  Assets:US:Federal:PreTax401k                       0.00 IRAUSD
  Income:US:Hoogle:Salary                        -4615.38 USD   
  Income:US:Hoogle:GroupTermLife                   -24.32 USD   
  Expenses:Health:Life:GroupTermLife                24.32 USD   
  Expenses:Health:Dental:Insurance                   2.90 USD   
  Expenses:Health:Medical:Insurance                 27.38 USD   
  Expenses:Health:Vision:Insurance                  42.30 USD   
  Expenses:Taxes:Y2015:US:Medicare                 106.62 USD   
  Expenses:Taxes:Y2015:US:Federal                 1062.92 USD   
  Expenses:Taxes:Y2015:US:State                    365.08 USD   
  Expenses:Taxes:Y2015:US:CityNYC                  174.92 USD   
  Expenses:Taxes:Y2015:US:SDI                        1.12 USD   
  Expenses:Taxes:Y2015:US:SocSec                   281.54 USD   
  Assets:US:Hoogle:Vacation                             5 VACHR 
  Income:US:Hoogle:Vacation                            -5 VACHR 

2015-08-13 * "Hoogle" | "Payroll"
  Assets:US:BofA:Checking                         2550.60 USD   
  Assets:US:Federal:PreTax401k                       0.00 IRAUSD
  Income:US:Hoogle:Salary                        -4615.38 USD   
  Income:US:Hoogle:GroupTermLife                   -24.32 USD   
  Expenses:Health:Life:GroupTermLife                24.32 USD   
  Expenses:Health:Dental:Insurance                   2.90 USD   
  Expenses:Health:Medical:Insurance                 27.38 USD   
  Expenses:Health:Vision:Insurance                  42.30 USD   
  Expenses:Taxes:Y2015:US:Medicare                 106.62 USD   
  Expenses:Taxes:Y2015:US:Federal                 1062.92 USD   
  Expenses:Taxes:Y2015:US:State                    365.08 USD   
  Expenses:Taxes:Y2015:US:CityNYC                  174.92 USD   
  Expenses:Taxes:Y2015:US:SDI                        1.12 USD   
  Expenses:Taxes:Y2015:US:SocSec                   281.54 USD   
  Assets:US:Hoogle:Vacation                             5 VACHR 
  Income:US:Hoogle:Vacation                            -5 VACHR 

2015-08-27 * "Hoogle" | "Payroll"
  Assets:US:BofA:Checking                         2550.60 USD   
  Assets:US:Federal:PreTax401k                       0.00 IRAUSD
  Income:US:Hoogle:Salary                        -4615.38 USD   
  Income:US:Hoogle:GroupTermLife                   -24.32 USD   
  Expenses:Health:Life:GroupTermLife                24.32 USD   
  Expenses:Health:Dental:Insurance                   2.90 USD   
  Expenses:Health:Medical:Insurance                 27.38 USD   
  Expenses:Health:Vision:Insurance                  42.30 USD   
  Expenses:Taxes:Y2015:US:Medicare                 106.62 USD   
  Expenses:Taxes:Y2015:US:Federal                 1062.92 USD   
  Expenses:Taxes:Y2015:US:State                    365.08 USD   
  Expenses:Taxes:Y2015:US:CityNYC                  174.92 USD   
  Expenses:Taxes:Y2015:US:SDI                        1.12 USD   
  Expenses:Taxes:Y2015:US:SocSec                   281.54 USD   
  Assets:US:Hoogle:Vacation                             5 VACHR 
  Income:US:Hoogle:Vacation                            -5 VACHR 

2015-09-10 * "Hoogle" | "Payroll"
  Assets:US:BofA:Checking                         2550.60 USD   
  Assets:US:Federal:PreTax401k                       0.00 IRAUSD
  Income:US:Hoogle:Salary                        -4615.38 USD   
  Income:US:Hoogle:GroupTermLife                   -24.32 USD   
  Expenses:Health:Life:GroupTermLife                24.32 USD   
  Expenses:Health:Dental:Insurance                   2.90 USD   
  Expenses:Health:Medical:Insurance                 27.38 USD   
  Expenses:Health:Vision:Insurance                  42.30 USD   
  Expenses:Taxes:Y2015:US:Medicare                 106.62 USD   
  Expenses:Taxes:Y2015:US:Federal                 1062.92 USD   
  Expenses:Taxes:Y2015:US:State                    365.08 USD   
  Expenses:Taxes:Y2015:US:CityNYC                  174.92 USD   
  Expenses:Taxes:Y2015:US:SDI                        1.12 USD   
  Expenses:Taxes:Y2015:US:SocSec                   281.54 USD   
  Assets:US:Hoogle:Vacation                             5 VACHR 
  Income:US:Hoogle:Vacation                            -5 VACHR 

2015-09-24 * "Hoogle" | "Payroll"
  Assets:US:BofA:Checking                         2550.60 USD   
  Assets:US:Federal:PreTax401k                       0.00 IRAUSD
  Income:US:Hoogle:Salary                        -4615.38 USD   
  Income:US:Hoogle:GroupTermLife                   -24.32 USD   
  Expenses:Health:Life:GroupTermLife                24.32 USD   
  Expenses:Health:Dental:Insurance                   2.90 USD   
  Expenses:Health:Medical:Insurance                 27.38 USD   
  Expenses:Health:Vision:Insurance                  42.30 USD   
  Expenses:Taxes:Y2015:US:Medicare                 106.62 USD   
  Expenses:Taxes:Y2015:US:Federal                 1062.92 USD   
  Expenses:Taxes:Y2015:US:State                    365.08 USD   
  Expenses:Taxes:Y2015:US:CityNYC                  174.92 USD   
  Expenses:Taxes:Y2015:US:SDI                        1.12 USD   
  Expenses:Taxes:Y2015:US:SocSec                   281.54 USD   
  Assets:US:Hoogle:Vacation                             5 VACHR 
  Income:US:Hoogle:Vacation                            -5 VACHR 

2015-10-08 * "Hoogle" | "Payroll"
  Assets:US:BofA:Checking                         2550.60 USD   
  Assets:US:Federal:PreTax401k                       0.00 IRAUSD
  Income:US:Hoogle:Salary                        -4615.38 USD   
  Income:US:Hoogle:GroupTermLife                   -24.32 USD   
  Expenses:Health:Life:GroupTermLife                24.32 USD   
  Expenses:Health:Dental:Insurance                   2.90 USD   
  Expenses:Health:Medical:Insurance                 27.38 USD   
  Expenses:Health:Vision:Insurance                  42.30 USD   
  Expenses:Taxes:Y2015:US:Medicare                 106.62 USD   
  Expenses:Taxes:Y2015:US:Federal                 1062.92 USD   
  Expenses:Taxes:Y2015:US:State                    365.08 USD   
  Expenses:Taxes:Y2015:US:CityNYC                  174.92 USD   
  Expenses:Taxes:Y2015:US:SDI                        1.12 USD   
  Expenses:Taxes:Y2015:US:SocSec                   281.54 USD   
  Assets:US:Hoogle:Vacation                             5 VACHR 
  Income:US:Hoogle:Vacation                            -5 VACHR 

2015-10-22 * "Hoogle" | "Payroll"
  Assets:US:BofA:Checking                         2550.60 USD   
  Assets:US:Federal:PreTax401k                       0.00 IRAUSD
  Income:US:Hoogle:Salary                        -4615.38 USD   
  Income:US:Hoogle:GroupTermLife                   -24.32 USD   
  Expenses:Health:Life:GroupTermLife                24.32 USD   
  Expenses:Health:Dental:Insurance                   2.90 USD   
  Expenses:Health:Medical:Insurance                 27.38 USD   
  Expenses:Health:Vision:Insurance                  42.30 USD   
  Expenses:Taxes:Y2015:US:Medicare                 106.62 USD   
  Expenses:Taxes:Y2015:US:Federal                 1062.92 USD   
  Expenses:Taxes:Y2015:US:State                    365.08 USD   
  Expenses:Taxes:Y2015:US:CityNYC                  174.92 USD   
  Expenses:Taxes:Y2015:US:SDI                        1.12 USD   
  Expenses:Taxes:Y2015:US:SocSec                   281.54 USD   
  Assets:US:Hoogle:Vacation                             5 VACHR 
  Income:US:Hoogle:Vacation                            -5 VACHR 

2015-11-05 * "Hoogle" | "Payroll"
  Assets:US:BofA:Checking                         2550.60 USD   
  Assets:US:Federal:PreTax401k                       0.00 IRAUSD
  Income:US:Hoogle:Salary                        -4615.38 USD   
  Income:US:Hoogle:GroupTermLife                   -24.32 USD   
  Expenses:Health:Life:GroupTermLife                24.32 USD   
  Expenses:Health:Dental:Insurance                   2.90 USD   
  Expenses:Health:Medical:Insurance                 27.38 USD   
  Expenses:Health:Vision:Insurance                  42.30 USD   
  Expenses:Taxes:Y2015:US:Medicare                 106.62 USD   
  Expenses:Taxes:Y2015:US:Federal                 1062.92 USD   
  Expenses:Taxes:Y2015:US:State                    365.08 USD   
  Expenses:Taxes:Y2015:US:CityNYC                  174.92 USD   
  Expenses:Taxes:Y2015:US:SDI                        1.12 USD   
  Expenses:Taxes:Y2015:US:SocSec                   281.54 USD   
  Assets:US:Hoogle:Vacation                             5 VACHR 
  Income:US:Hoogle:Vacation                            -5 VACHR 

2015-11-19 * "Hoogle" | "Payroll"
  Assets:US:BofA:Checking                         2550.60 USD   
  Assets:US:Federal:PreTax401k                       0.00 IRAUSD
  Income:US:Hoogle:Salary                        -4615.38 USD   
  Income:US:Hoogle:GroupTermLife                   -24.32 USD   
  Expenses:Health:Life:GroupTermLife                24.32 USD   
  Expenses:Health:Dental:Insurance                   2.90 USD   
  Expenses:Health:Medical:Insurance                 27.38 USD   
  Expenses:Health:Vision:Insurance                  42.30 USD   
  Expenses:Taxes:Y2015:US:Medicare                 106.62 USD   
  Expenses:Taxes:Y2015:US:Federal                 1062.92 USD   
  Expenses:Taxes:Y2015:US:State                    365.08 USD   
  Expenses:Taxes:Y2015:US:CityNYC                  174.92 USD   
  Expenses:Taxes:Y2015:US:SDI                        1.12 USD   
  Expenses:Taxes:Y2015:US:SocSec                   281.54 USD   
  Assets:US:Hoogle:Vacation                             5 VACHR 
  Income:US:Hoogle:Vacation                            -5 VACHR 

2015-12-03 * "Hoogle" | "Payroll"
  Assets:US:BofA:Checking                         2589.06 USD   
  Assets:US:Federal:PreTax401k                       0.00 IRAUSD
  Income:US:Hoogle:Salary                        -4615.38 USD   
  Income:US:Hoogle:GroupTermLife                   -24.32 USD   
  Expenses:Health:Life:GroupTermLife                24.32 USD   
  Expenses:Health:Dental:Insurance                   2.90 USD   
  Expenses:Health:Medical:Insurance                 27.38 USD   
  Expenses:Health:Vision:Insurance                  42.30 USD   
  Expenses:Taxes:Y2015:US:Medicare                 106.62 USD   
  Expenses:Taxes:Y2015:US:Federal                 1062.92 USD   
  Expenses:Taxes:Y2015:US:State                    365.08 USD   
  Expenses:Taxes:Y2015:US:CityNYC                  174.92 USD   
  Expenses:Taxes:Y2015:US:SDI                        1.12 USD   
  Expenses:Taxes:Y2015:US:SocSec                   243.08 USD   
  Assets:US:Hoogle:Vacation                             5 VACHR 
  Income:US:Hoogle:Vacation                            -5 VACHR 

2015-12-17 * "Hoogle" | "Payroll"
  Assets:US:BofA:Checking                         2832.14 USD   
  Assets:US:Federal:PreTax401k                       0.00 IRAUSD
  Income:US:Hoogle:Salary                        -4615.38 USD   
  Income:US:Hoogle:GroupTermLife                   -24.32 USD   
  Expenses:Health:Life:GroupTermLife                24.32 USD   
  Expenses:Health:Dental:Insurance                   2.90 USD   
  Expenses:Health:Medical:Insurance                 27.38 USD   
  Expenses:Health:Vision:Insurance                  42.30 USD   
  Expenses:Taxes:Y2015:US:Medicare                 106.62 USD   
  Expenses:Taxes:Y2015:US:Federal                 1062.92 USD   
  Expenses:Taxes:Y2015:US:State                    365.08 USD   
  Expenses:Taxes:Y2015:US:CityNYC                  174.92 USD   
  Expenses:Taxes:Y2015:US:SDI                        1.12 USD   
  Expenses:Taxes:Y2015:US:SocSec                     0.00 USD   
  Assets:US:Hoogle:Vacation                             5 VACHR 
  Income:US:Hoogle:Vacation                            -5 VACHR 



* Taxes

1980-05-12 open Income:US:Federal:PreTax401k                    IRAUSD
1980-05-12 open Assets:US:Federal:PreTax401k                    IRAUSD



** Tax Year 2013

2013-01-01 open Expenses:Taxes:Y2013:US:Federal:PreTax401k      IRAUSD
2013-01-01 open Expenses:Taxes:Y2013:US:Medicare                USD
2013-01-01 open Expenses:Taxes:Y2013:US:Federal                 USD
2013-01-01 open Expenses:Taxes:Y2013:US:CityNYC                 USD
2013-01-01 open Expenses:Taxes:Y2013:US:SDI                     USD
2013-01-01 open Expenses:Taxes:Y2013:US:State                   USD
2013-01-01 open Expenses:Taxes:Y2013:US:SocSec                  USD

2013-01-01 balance Assets:US:Federal:PreTax401k         0 IRAUSD

2013-01-01 * "Allowed contributions for one year"
  Income:US:Federal:PreTax401k                     -17500 IRAUSD
  Assets:US:Federal:PreTax401k                      17500 IRAUSD

2014-03-25 * "Filing taxes for 2013"
  Expenses:Taxes:Y2013:US:Federal                  425.68 USD
  Expenses:Taxes:Y2013:US:State                    376.64 USD
  Liabilities:AccountsPayable                     -802.32 USD

2014-03-25 * "FEDERAL TAXPYMT"
  Assets:US:BofA:Checking                         -425.68 USD
  Liabilities:AccountsPayable                      425.68 USD

2014-03-28 * "STATE TAX & FINANC PYMT"
  Assets:US:BofA:Checking                         -376.64 USD
  Liabilities:AccountsPayable                      376.64 USD



** Tax Year 2014

2014-01-01 open Expenses:Taxes:Y2014:US:Federal:PreTax401k      IRAUSD
2014-01-01 open Expenses:Taxes:Y2014:US:Medicare                USD
2014-01-01 open Expenses:Taxes:Y2014:US:Federal                 USD
2014-01-01 open Expenses:Taxes:Y2014:US:CityNYC                 USD
2014-01-01 open Expenses:Taxes:Y2014:US:SDI                     USD
2014-01-01 open Expenses:Taxes:Y2014:US:State                   USD
2014-01-01 open Expenses:Taxes:Y2014:US:SocSec                  USD

2014-01-01 balance Assets:US:Federal:PreTax401k         0 IRAUSD

2014-01-01 * "Allowed contributions for one year"
  Income:US:Federal:PreTax401k                     -17500 IRAUSD
  Assets:US:Federal:PreTax401k                      17500 IRAUSD

2015-03-20 * "Filing taxes for 2014"
  Expenses:Taxes:Y2014:US:Federal                  453.36 USD
  Expenses:Taxes:Y2014:US:State                    378.37 USD
  Liabilities:AccountsPayable                     -831.73 USD

2015-03-20 * "STATE TAX & FINANC PYMT"
  Assets:US:BofA:Checking                         -378.37 USD
  Liabilities:AccountsPayable                      378.37 USD

2015-03-22 * "FEDERAL TAXPYMT"
  Assets:US:BofA:Checking                         -453.36 USD
  Liabilities:AccountsPayable                      453.36 USD



** Tax Year 2015

2015-01-01 open Expenses:Taxes:Y2015:US:Federal:PreTax401k      IRAUSD
2015-01-01 open Expenses:Taxes:Y2015:US:Medicare                USD
2015-01-01 open Expenses:Taxes:Y2015:US:Federal                 USD
2015-01-01 open Expenses:Taxes:Y2015:US:CityNYC                 USD
2015-01-01 open Expenses:Taxes:Y2015:US:SDI                     USD
2015-01-01 open Expenses:Taxes:Y2015:US:State                   USD
2015-01-01 open Expenses:Taxes:Y2015:US:SocSec                  USD

2015-01-01 balance Assets:US:Federal:PreTax401k         0 IRAUSD

2015-01-01 * "Allowed contributions for one year"
  Income:US:Federal:PreTax401k                     -18000 IRAUSD
  Assets:US:Federal:PreTax401k                      18000 IRAUSD



* Expenses

1980-05-12 open Expenses:Food:Groceries
1980-05-12 open Expenses:Food:Restaurant
1980-05-12 open Expenses:Food:Coffee
1980-05-12 open Expenses:Food:Alcohol
1980-05-12 open Expenses:Transport:Tram
1980-05-12 open Expenses:Home:Rent
1980-05-12 open Expenses:Home:Electricity
1980-05-12 open Expenses:Home:Internet
1980-05-12 open Expenses:Home:Phone
1980-05-12 open Expenses:Financial:Fees
1980-05-12 open Expenses:Financial:Commissions



* Prices

2013-01-04 price VBMPX                              70.47 USD
2013-01-04 price RGAGX                             152.91 USD
2013-01-04 price ITOT                               94.42 USD
2013-01-04 price VEA                                60.87 USD
2013-01-04 price VHT                                53.18 USD
2013-01-04 price GLD                               158.44 USD
2013-01-11 price VBMPX                              70.88 USD
2013-01-11 price RGAGX                             149.48 USD
2013-01-11 price ITOT                               94.73 USD
2013-01-11 price VEA                                60.35 USD
2013-01-11 price VHT                                53.89 USD
2013-01-11 price GLD                               160.14 USD
2013-01-18 price VBMPX                              71.11 USD
2013-01-18 price RGAGX                             148.76 USD
2013-01-18 price ITOT                               94.85 USD
2013-01-18 price VEA                                60.07 USD
2013-01-18 price VHT                                53.14 USD
2013-01-18 price GLD                               157.93 USD
2013-01-25 price VBMPX                              71.37 USD
2013-01-25 price RGAGX                             150.29 USD
2013-01-25 price ITOT                               93.59 USD
2013-01-25 price VEA                                61.09 USD
2013-01-25 price VHT                                54.92 USD
2013-01-25 price GLD                               157.27 USD
2013-02-01 price VBMPX                              70.56 USD
2013-02-01 price RGAGX                             148.54 USD
2013-02-01 price ITOT                               93.96 USD
2013-02-01 price VEA                                58.58 USD
2013-02-01 price VHT                                55.43 USD
2013-02-01 price GLD                               159.80 USD
2013-02-08 price VBMPX                              70.70 USD
2013-02-08 price RGAGX                             146.49 USD
2013-02-08 price ITOT                               95.36 USD
2013-02-08 price VEA                                57.71 USD
2013-02-08 price VHT                                54.42 USD
2013-02-08 price GLD                               159.62 USD
2013-02-15 price VBMPX                              71.06 USD
2013-02-15 price RGAGX                             146.78 USD
2013-02-15 price ITOT                               96.48 USD
2013-02-15 price VEA                                58.79 USD
2013-02-15 price VHT                                53.56 USD
2013-02-15 price GLD                               160.48 USD
2013-02-22 price VBMPX                              71.15 USD
2013-02-22 price RGAGX                             146.43 USD
2013-02-22 price ITOT                               95.77 USD
2013-02-22 price VEA                                58.61 USD
2013-02-22 price VHT                                53.33 USD
2013-02-22 price GLD                               162.51 USD
2013-03-01 price VBMPX                              70.98 USD
2013-03-01 price RGAGX                             148.08 USD
2013-03-01 price ITOT                               95.74 USD
2013-03-01 price VEA                                57.56 USD
2013-03-01 price VHT                                52.44 USD
2013-03-01 price GLD                               162.52 USD
2013-03-08 price VBMPX                              70.22 USD
2013-03-08 price RGAGX                             150.54 USD
2013-03-08 price ITOT                               96.22 USD
2013-03-08 price VEA                                57.72 USD
2013-03-08 price VHT                                52.38 USD
2013-03-08 price GLD                               160.92 USD
2013-03-15 price VBMPX                              70.19 USD
2013-03-15 price RGAGX                             150.45 USD
2013-03-15 price ITOT                               94.40 USD
2013-03-15 price VEA                                57.51 USD
2013-03-15 price VHT                                53.23 USD
2013-03-15 price GLD                               156.89 USD
2013-03-22 price VBMPX                              70.22 USD
2013-03-22 price RGAGX                             149.35 USD
2013-03-22 price ITOT                               95.11 USD
2013-03-22 price VEA                                56.20 USD
2013-03-22 price VHT                                53.59 USD
2013-03-22 price GLD                               157.24 USD
2013-03-29 price VBMPX                              71.08 USD
2013-03-29 price RGAGX                             149.59 USD
2013-03-29 price ITOT                               95.65 USD
2013-03-29 price VEA                                56.28 USD
2013-03-29 price VHT                                53.70 USD
2013-03-29 price GLD                               160.75 USD
2013-04-05 price VBMPX                              71.79 USD
2013-04-05 price RGAGX                             147.09 USD
2013-04-05 price ITOT                               95.59 USD
2013-04-05 price VEA                                56.26 USD
2013-04-05 price VHT                                51.66 USD
2013-04-05 price GLD                               165.23 USD
2013-04-12 price VBMPX                              71.92 USD
2013-04-12 price RGAGX                             144.77 USD
2013-04-12 price ITOT                               95.68 USD
2013-04-12 price VEA                                55.73 USD
2013-04-12 price VHT                                50.92 USD
2013-04-12 price GLD                               161.03 USD
2013-04-19 price VBMPX                              72.08 USD
2013-04-19 price RGAGX                             144.38 USD
2013-04-19 price ITOT                               96.66 USD
2013-04-19 price VEA                                57.59 USD
2013-04-19 price VHT                                50.51 USD
2013-04-19 price GLD                               158.57 USD
2013-04-26 price VBMPX                              71.91 USD
2013-04-26 price RGAGX                             142.77 USD
2013-04-26 price ITOT                               95.90 USD
2013-04-26 price VEA                                57.98 USD
2013-04-26 price VHT                                51.64 USD
2013-04-26 price GLD                               156.69 USD
2013-05-03 price VBMPX                              71.90 USD
2013-05-03 price RGAGX                             145.93 USD
2013-05-03 price ITOT                               96.32 USD
2013-05-03 price VEA                                56.69 USD
2013-05-03 price VHT                                51.39 USD
2013-05-03 price GLD                               153.32 USD
2013-05-10 price VBMPX                              71.78 USD
2013-05-10 price RGAGX                             145.58 USD
2013-05-10 price ITOT                               96.63 USD
2013-05-10 price VEA                                57.13 USD
2013-05-10 price VHT                                53.38 USD
2013-05-10 price GLD                               152.49 USD
2013-05-17 price VBMPX                              71.79 USD
2013-05-17 price RGAGX                             144.84 USD
2013-05-17 price ITOT                               96.54 USD
2013-05-17 price VEA                                57.14 USD
2013-05-17 price VHT                                54.05 USD
2013-05-17 price GLD                               148.96 USD
2013-05-24 price VBMPX                              72.05 USD
2013-05-24 price RGAGX                             143.59 USD
2013-05-24 price ITOT                               97.32 USD
2013-05-24 price VEA                                55.01 USD
2013-05-24 price VHT                                54.39 USD
2013-05-24 price GLD                               151.04 USD
2013-05-31 price VBMPX                              72.01 USD
2013-05-31 price RGAGX                             141.68 USD
2013-05-31 price ITOT                               96.90 USD
2013-05-31 price VEA                                54.93 USD
2013-05-31 price VHT                                54.00 USD
2013-05-31 price GLD                               150.96 USD
2013-06-07 price VBMPX                              71.93 USD
2013-06-07 price RGAGX                             141.54 USD
2013-06-07 price ITOT                               96.87 USD
2013-06-07 price VEA                                56.00 USD
2013-06-07 price VHT                                52.03 USD
2013-06-07 price GLD                               147.26 USD
2013-06-14 price VBMPX                              72.30 USD
2013-06-14 price RGAGX                             142.67 USD
2013-06-14 price ITOT                               99.17 USD
2013-06-14 price VEA                                55.90 USD
2013-06-14 price VHT                                52.53 USD
2013-06-14 price GLD                               147.00 USD
2013-06-21 price VBMPX                              72.62 USD
2013-06-21 price RGAGX                             142.90 USD
2013-06-21 price ITOT                               99.50 USD
2013-06-21 price VEA                                55.90 USD
2013-06-21 price VHT                                52.07 USD
2013-06-21 price GLD                               146.09 USD
2013-06-28 price VBMPX                              72.85 USD
2013-06-28 price RGAGX                             145.19 USD
2013-06-28 price ITOT                               99.62 USD
2013-06-28 price VEA                                57.00 USD
2013-06-28 price VHT                                50.81 USD
2013-06-28 price GLD                               145.42 USD
2013-07-05 price VBMPX                              73.17 USD
2013-07-05 price RGAGX                             146.23 USD
2013-07-05 price ITOT                               99.12 USD
2013-07-05 price VEA                                57.04 USD
2013-07-05 price VHT                                50.56 USD
2013-07-05 price GLD                               146.56 USD
2013-07-12 price VBMPX                              73.10 USD
2013-07-12 price RGAGX                             145.00 USD
2013-07-12 price ITOT                               98.89 USD
2013-07-12 price VEA                                58.90 USD
2013-07-12 price VHT                                51.72 USD
2013-07-12 price GLD                               144.59 USD
2013-07-19 price VBMPX                              73.15 USD
2013-07-19 price RGAGX                             142.45 USD
2013-07-19 price ITOT                               99.44 USD
2013-07-19 price VEA                                60.53 USD
2013-07-19 price VHT                                51.90 USD
2013-07-19 price GLD                               147.09 USD
2013-07-26 price VBMPX                              73.12 USD
2013-07-26 price RGAGX                             140.97 USD
2013-07-26 price ITOT                               98.69 USD
2013-07-26 price VEA                                60.52 USD
2013-07-26 price VHT                                52.15 USD
2013-07-26 price GLD                               146.43 USD
2013-08-02 price VBMPX                              72.47 USD
2013-08-02 price RGAGX                             140.38 USD
2013-08-02 price ITOT                               98.45 USD
2013-08-02 price VEA                                61.98 USD
2013-08-02 price VHT                                52.67 USD
2013-08-02 price GLD                               145.19 USD
2013-08-09 price VBMPX                              72.11 USD
2013-08-09 price RGAGX                             140.94 USD
2013-08-09 price ITOT                               97.48 USD
2013-08-09 price VEA                                62.10 USD
2013-08-09 price VHT                                52.76 USD
2013-08-09 price GLD                               144.65 USD
2013-08-16 price VBMPX                              72.09 USD
2013-08-16 price RGAGX                             141.81 USD
2013-08-16 price ITOT                               97.37 USD
2013-08-16 price VEA                                63.53 USD
2013-08-16 price VHT                                53.30 USD
2013-08-16 price GLD                               144.94 USD
2013-08-23 price VBMPX                              72.56 USD
2013-08-23 price RGAGX                             144.17 USD
2013-08-23 price ITOT                               98.67 USD
2013-08-23 price VEA                                64.03 USD
2013-08-23 price VHT                                52.26 USD
2013-08-23 price GLD                               145.01 USD
2013-08-30 price VBMPX                              72.20 USD
2013-08-30 price RGAGX                             145.36 USD
2013-08-30 price ITOT                              100.18 USD
2013-08-30 price VEA                                63.23 USD
2013-08-30 price VHT                                52.68 USD
2013-08-30 price GLD                               146.54 USD
2013-09-06 price VBMPX                              72.87 USD
2013-09-06 price RGAGX                             147.16 USD
2013-09-06 price ITOT                               99.78 USD
2013-09-06 price VEA                                64.24 USD
2013-09-06 price VHT                                53.99 USD
2013-09-06 price GLD                               145.84 USD
2013-09-13 price VBMPX                              73.63 USD
2013-09-13 price RGAGX                             144.16 USD
2013-09-13 price ITOT                              101.20 USD
2013-09-13 price VEA                                63.74 USD
2013-09-13 price VHT                                53.60 USD
2013-09-13 price GLD                               144.46 USD
2013-09-20 price VBMPX                              74.02 USD
2013-09-20 price RGAGX                             146.23 USD
2013-09-20 price ITOT                              102.53 USD
2013-09-20 price VEA                                62.67 USD
2013-09-20 price VHT                                54.06 USD
2013-09-20 price GLD                               146.01 USD
2013-09-27 price VBMPX                              73.60 USD
2013-09-27 price RGAGX                             148.65 USD
2013-09-27 price ITOT                              102.67 USD
2013-09-27 price VEA                                61.15 USD
2013-09-27 price VHT                                55.00 USD
2013-09-27 price GLD                               147.61 USD
2013-10-04 price VBMPX                              73.51 USD
2013-10-04 price RGAGX                             152.05 USD
2013-10-04 price ITOT                              105.39 USD
2013-10-04 price VEA                                60.52 USD
2013-10-04 price VHT                                54.52 USD
2013-10-04 price GLD                               147.28 USD
2013-10-11 price VBMPX                              73.80 USD
2013-10-11 price RGAGX                             152.46 USD
2013-10-11 price ITOT                              105.40 USD
2013-10-11 price VEA                                59.87 USD
2013-10-11 price VHT                                54.23 USD
2013-10-11 price GLD                               143.62 USD
2013-10-18 price VBMPX                              74.06 USD
2013-10-18 price RGAGX                             153.48 USD
2013-10-18 price ITOT                              105.75 USD
2013-10-18 price VEA                                58.86 USD
2013-10-18 price VHT                                55.68 USD
2013-10-18 price GLD                               141.08 USD
2013-10-25 price VBMPX                              74.91 USD
2013-10-25 price RGAGX                             149.33 USD
2013-10-25 price ITOT                              106.85 USD
2013-10-25 price VEA                                57.97 USD
2013-10-25 price VHT                                54.50 USD
2013-10-25 price GLD                               139.45 USD
2013-11-01 price VBMPX                              75.39 USD
2013-11-01 price RGAGX                             150.48 USD
2013-11-01 price ITOT                              107.70 USD
2013-11-01 price VEA                                58.96 USD
2013-11-01 price VHT                                54.06 USD
2013-11-01 price GLD                               134.73 USD
2013-11-08 price VBMPX                              75.50 USD
2013-11-08 price RGAGX                             150.39 USD
2013-11-08 price ITOT                              107.21 USD
2013-11-08 price VEA                                58.18 USD
2013-11-08 price VHT                                55.12 USD
2013-11-08 price GLD                               133.05 USD
2013-11-15 price VBMPX                              75.70 USD
2013-11-15 price RGAGX                             148.65 USD
2013-11-15 price ITOT                              106.94 USD
2013-11-15 price VEA                                57.75 USD
2013-11-15 price VHT                                57.07 USD
2013-11-15 price GLD                               130.31 USD
2013-11-22 price VBMPX                              76.01 USD
2013-11-22 price RGAGX                             149.24 USD
2013-11-22 price ITOT                              106.62 USD
2013-11-22 price VEA                                56.93 USD
2013-11-22 price VHT                                57.25 USD
2013-11-22 price GLD                               133.54 USD
2013-11-29 price VBMPX                              76.70 USD
2013-11-29 price RGAGX                             149.92 USD
2013-11-29 price ITOT                              106.96 USD
2013-11-29 price VEA                                57.27 USD
2013-11-29 price VHT                                57.74 USD
2013-11-29 price GLD                               136.22 USD
2013-12-06 price VBMPX                              77.18 USD
2013-12-06 price RGAGX                             152.54 USD
2013-12-06 price ITOT                              107.39 USD
2013-12-06 price VEA                                56.51 USD
2013-12-06 price VHT                                55.20 USD
2013-12-06 price GLD                               136.63 USD
2013-12-13 price VBMPX                              76.86 USD
2013-12-13 price RGAGX                             154.54 USD
2013-12-13 price ITOT                              107.72 USD
2013-12-13 price VEA                                58.31 USD
2013-12-13 price VHT                                56.28 USD
2013-12-13 price GLD                               135.92 USD
2013-12-20 price VBMPX                              76.19 USD
2013-12-20 price RGAGX                             158.53 USD
2013-12-20 price ITOT                              107.35 USD
2013-12-20 price VEA                                57.24 USD
2013-12-20 price VHT                                56.67 USD
2013-12-20 price GLD                               138.57 USD
2013-12-27 price VBMPX                              76.29 USD
2013-12-27 price RGAGX                             163.35 USD
2013-12-27 price ITOT                              106.86 USD
2013-12-27 price VEA                                57.90 USD
2013-12-27 price VHT                                57.50 USD
2013-12-27 price GLD                               141.06 USD
2014-01-03 price VBMPX                              76.15 USD
2014-01-03 price RGAGX                             158.76 USD
2014-01-03 price ITOT                              107.25 USD
2014-01-03 price VEA                                56.32 USD
2014-01-03 price VHT                                55.80 USD
2014-01-03 price GLD                               137.74 USD
2014-01-10 price VBMPX                              75.32 USD
2014-01-10 price RGAGX                             158.18 USD
2014-01-10 price ITOT                              107.93 USD
2014-01-10 price VEA                                55.32 USD
2014-01-10 price VHT                                55.34 USD
2014-01-10 price GLD                               139.53 USD
2014-01-17 price VBMPX                              74.88 USD
2014-01-17 price RGAGX                             155.53 USD
2014-01-17 price ITOT                              108.69 USD
2014-01-17 price VEA                                54.90 USD
2014-01-17 price VHT                                54.83 USD
2014-01-17 price GLD                               140.75 USD
2014-01-24 price VBMPX                              75.41 USD
2014-01-24 price RGAGX                             154.87 USD
2014-01-24 price ITOT                              108.58 USD
2014-01-24 price VEA                                53.14 USD
2014-01-24 price VHT                                53.07 USD
2014-01-24 price GLD                               141.75 USD
2014-01-31 price VBMPX                              75.78 USD
2014-01-31 price RGAGX                             155.82 USD
2014-01-31 price ITOT                              109.57 USD
2014-01-31 price VEA                                52.43 USD
2014-01-31 price VHT                                51.43 USD
2014-01-31 price GLD                               141.53 USD
2014-02-07 price VBMPX                              76.02 USD
2014-02-07 price RGAGX                             156.69 USD
2014-02-07 price ITOT                              108.25 USD
2014-02-07 price VEA                                53.51 USD
2014-02-07 price VHT                                50.03 USD
2014-02-07 price GLD                               141.12 USD
2014-02-14 price VBMPX                              75.37 USD
2014-02-14 price RGAGX                             159.79 USD
2014-02-14 price ITOT                              108.25 USD
2014-02-14 price VEA                                53.44 USD
2014-02-14 price VHT                                49.20 USD
2014-02-14 price GLD                               142.19 USD
2014-02-21 price VBMPX                              75.79 USD
2014-02-21 price RGAGX                             162.16 USD
2014-02-21 price ITOT                              107.62 USD
2014-02-21 price VEA                                54.36 USD
2014-02-21 price VHT                                48.92 USD
2014-02-21 price GLD                               142.19 USD
2014-02-28 price VBMPX                              76.10 USD
2014-02-28 price RGAGX                             161.58 USD
2014-02-28 price ITOT                              107.17 USD
2014-02-28 price VEA                                53.72 USD
2014-02-28 price VHT                                49.94 USD
2014-02-28 price GLD                               143.58 USD
2014-03-07 price VBMPX                              76.14 USD
2014-03-07 price RGAGX                             160.77 USD
2014-03-07 price ITOT                              104.92 USD
2014-03-07 price VEA                                53.55 USD
2014-03-07 price VHT                                49.86 USD
2014-03-07 price GLD                               141.24 USD
2014-03-14 price VBMPX                              75.69 USD
2014-03-14 price RGAGX                             158.46 USD
2014-03-14 price ITOT                              104.34 USD
2014-03-14 price VEA                                53.87 USD
2014-03-14 price VHT                                49.45 USD
2014-03-14 price GLD                               143.90 USD
2014-03-21 price VBMPX                              76.13 USD
2014-03-21 price RGAGX                             159.89 USD
2014-03-21 price ITOT                              103.45 USD
2014-03-21 price VEA                                52.24 USD
2014-03-21 price VHT                                48.21 USD
2014-03-21 price GLD                               144.16 USD
2014-03-28 price VBMPX                              75.86 USD
2014-03-28 price RGAGX                             162.12 USD
2014-03-28 price ITOT                              103.99 USD
2014-03-28 price VEA                                51.32 USD
2014-03-28 price VHT                                48.46 USD
2014-03-28 price GLD                               142.12 USD
2014-04-04 price VBMPX                              75.72 USD
2014-04-04 price RGAGX                             159.21 USD
2014-04-04 price ITOT                              103.27 USD
2014-04-04 price VEA                                52.63 USD
2014-04-04 price VHT                                49.90 USD
2014-04-04 price GLD                               140.74 USD
2014-04-11 price VBMPX                              76.17 USD
2014-04-11 price RGAGX                             162.62 USD
2014-04-11 price ITOT                              103.94 USD
2014-04-11 price VEA                                53.95 USD
2014-04-11 price VHT                                49.91 USD
2014-04-11 price GLD                               139.91 USD
2014-04-18 price VBMPX                              77.25 USD
2014-04-18 price RGAGX                             164.87 USD
2014-04-18 price ITOT                              103.97 USD
2014-04-18 price VEA                                53.22 USD
2014-04-18 price VHT                                49.67 USD
2014-04-18 price GLD                               139.14 USD
2014-04-25 price VBMPX                              77.23 USD
2014-04-25 price RGAGX                             164.39 USD
2014-04-25 price ITOT                              103.36 USD
2014-04-25 price VEA                                54.16 USD
2014-04-25 price VHT                                49.72 USD
2014-04-25 price GLD                               139.92 USD
2014-05-02 price VBMPX                              77.58 USD
2014-05-02 price RGAGX                             168.65 USD
2014-05-02 price ITOT                              103.75 USD
2014-05-02 price VEA                                54.38 USD
2014-05-02 price VHT                                48.91 USD
2014-05-02 price GLD                               138.47 USD
2014-05-09 price VBMPX                              77.53 USD
2014-05-09 price RGAGX                             168.80 USD
2014-05-09 price ITOT                              103.42 USD
2014-05-09 price VEA                                54.80 USD
2014-05-09 price VHT                                50.07 USD
2014-05-09 price GLD                               140.35 USD
2014-05-16 price VBMPX                              77.90 USD
2014-05-16 price RGAGX                             170.17 USD
2014-05-16 price ITOT                              102.90 USD
2014-05-16 price VEA                                55.66 USD
2014-05-16 price VHT                                49.31 USD
2014-05-16 price GLD                               143.14 USD
2014-05-23 price VBMPX                              77.72 USD
2014-05-23 price RGAGX                             172.55 USD
2014-05-23 price ITOT                              103.15 USD
2014-05-23 price VEA                                55.97 USD
2014-05-23 price VHT                                49.35 USD
2014-05-23 price GLD                               138.93 USD
2014-05-30 price VBMPX                              78.10 USD
2014-05-30 price RGAGX                             171.90 USD
2014-05-30 price ITOT                              104.94 USD
2014-05-30 price VEA                                55.65 USD
2014-05-30 price VHT                                49.78 USD
2014-05-30 price GLD                               139.63 USD
2014-06-06 price VBMPX                              78.94 USD
2014-06-06 price RGAGX                             173.11 USD
2014-06-06 price ITOT                              104.85 USD
2014-06-06 price VEA                                55.48 USD
2014-06-06 price VHT                                48.85 USD
2014-06-06 price GLD                               140.01 USD
2014-06-13 price VBMPX                              78.90 USD
2014-06-13 price RGAGX                             173.60 USD
2014-06-13 price ITOT                              105.70 USD
2014-06-13 price VEA                                56.26 USD
2014-06-13 price VHT                                47.69 USD
2014-06-13 price GLD                               139.93 USD
2014-06-20 price VBMPX                              79.33 USD
2014-06-20 price RGAGX                             173.71 USD
2014-06-20 price ITOT                              106.36 USD
2014-06-20 price VEA                                55.60 USD
2014-06-20 price VHT                                48.53 USD
2014-06-20 price GLD                               138.27 USD
2014-06-27 price VBMPX                              79.07 USD
2014-06-27 price RGAGX                             173.67 USD
2014-06-27 price ITOT                              106.50 USD
2014-06-27 price VEA                                55.83 USD
2014-06-27 price VHT                                48.13 USD
2014-06-27 price GLD                               142.37 USD
2014-07-04 price VBMPX                              79.53 USD
2014-07-04 price RGAGX                             176.92 USD
2014-07-04 price ITOT                              106.86 USD
2014-07-04 price VEA                                54.86 USD
2014-07-04 price VHT                                47.19 USD
2014-07-04 price GLD                               139.92 USD
2014-07-11 price VBMPX                              80.25 USD
2014-07-11 price RGAGX                             175.89 USD
2014-07-11 price ITOT                              108.19 USD
2014-07-11 price VEA                                55.89 USD
2014-07-11 price VHT                                47.42 USD
2014-07-11 price GLD                               137.35 USD
2014-07-18 price VBMPX                              80.80 USD
2014-07-18 price RGAGX                             174.14 USD
2014-07-18 price ITOT                              109.31 USD
2014-07-18 price VEA                                58.12 USD
2014-07-18 price VHT                                47.94 USD
2014-07-18 price GLD                               138.87 USD
2014-07-25 price VBMPX                              81.00 USD
2014-07-25 price RGAGX                             175.98 USD
2014-07-25 price ITOT                              108.33 USD
2014-07-25 price VEA                                57.29 USD
2014-07-25 price VHT                                46.75 USD
2014-07-25 price GLD                               140.99 USD
2014-08-01 price VBMPX                              80.03 USD
2014-08-01 price RGAGX                             176.08 USD
2014-08-01 price ITOT                              108.48 USD
2014-08-01 price VEA                                57.36 USD
2014-08-01 price VHT                                46.59 USD
2014-08-01 price GLD                               141.33 USD
2014-08-08 price VBMPX                              79.37 USD
2014-08-08 price RGAGX                             178.37 USD
2014-08-08 price ITOT                              108.24 USD
2014-08-08 price VEA                                57.45 USD
2014-08-08 price VHT                                45.74 USD
2014-08-08 price GLD                               142.54 USD
2014-08-15 price VBMPX                              79.08 USD
2014-08-15 price RGAGX                             175.59 USD
2014-08-15 price ITOT                              110.51 USD
2014-08-15 price VEA                                54.79 USD
2014-08-15 price VHT                                46.18 USD
2014-08-15 price GLD                               142.19 USD
2014-08-22 price VBMPX                              79.56 USD
2014-08-22 price RGAGX                             173.23 USD
2014-08-22 price ITOT                              111.48 USD
2014-08-22 price VEA                                55.52 USD
2014-08-22 price VHT                                46.68 USD
2014-08-22 price GLD                               141.94 USD
2014-08-29 price VBMPX                              79.38 USD
2014-08-29 price RGAGX                             175.11 USD
2014-08-29 price ITOT                              113.26 USD
2014-08-29 price VEA                                56.10 USD
2014-08-29 price VHT                                45.58 USD
2014-08-29 price GLD                               145.29 USD
2014-09-05 price VBMPX                              79.65 USD
2014-09-05 price RGAGX                             175.09 USD
2014-09-05 price ITOT                              113.01 USD
2014-09-05 price VEA                                56.93 USD
2014-09-05 price VHT                                45.15 USD
2014-09-05 price GLD                               145.26 USD
2014-09-12 price VBMPX                              79.87 USD
2014-09-12 price RGAGX                             174.35 USD
2014-09-12 price ITOT                              113.71 USD
2014-09-12 price VEA                                58.29 USD
2014-09-12 price VHT                                46.03 USD
2014-09-12 price GLD                               143.42 USD
2014-09-19 price VBMPX                              79.70 USD
2014-09-19 price RGAGX                             177.54 USD
2014-09-19 price ITOT                              113.65 USD
2014-09-19 price VEA                                58.97 USD
2014-09-19 price VHT                                47.53 USD
2014-09-19 price GLD                               144.68 USD
2014-09-26 price VBMPX                              78.94 USD
2014-09-26 price RGAGX                             177.66 USD
2014-09-26 price ITOT                              112.26 USD
2014-09-26 price VEA                                58.84 USD
2014-09-26 price VHT                                46.95 USD
2014-09-26 price GLD                               147.01 USD
2014-10-03 price VBMPX                              79.20 USD
2014-10-03 price RGAGX                             178.64 USD
2014-10-03 price ITOT                              113.98 USD
2014-10-03 price VEA                                59.88 USD
2014-10-03 price VHT                                47.21 USD
2014-10-03 price GLD                               149.25 USD
2014-10-10 price VBMPX                              79.22 USD
2014-10-10 price RGAGX                             180.09 USD
2014-10-10 price ITOT                              114.33 USD
2014-10-10 price VEA                                58.77 USD
2014-10-10 price VHT                                46.50 USD
2014-10-10 price GLD                               146.17 USD
2014-10-17 price VBMPX                              79.62 USD
2014-10-17 price RGAGX                             178.99 USD
2014-10-17 price ITOT                              116.45 USD
2014-10-17 price VEA                                57.84 USD
2014-10-17 price VHT                                46.43 USD
2014-10-17 price GLD                               148.85 USD
2014-10-24 price VBMPX                              79.64 USD
2014-10-24 price RGAGX                             180.75 USD
2014-10-24 price ITOT                              116.65 USD
2014-10-24 price VEA                                58.37 USD
2014-10-24 price VHT                                46.74 USD
2014-10-24 price GLD                               150.77 USD
2014-10-31 price VBMPX                              79.20 USD
2014-10-31 price RGAGX                             188.25 USD
2014-10-31 price ITOT                              115.77 USD
2014-10-31 price VEA                                58.71 USD
2014-10-31 price VHT                                44.79 USD
2014-10-31 price GLD                               154.68 USD
2014-11-07 price VBMPX                              78.90 USD
2014-11-07 price RGAGX                             186.70 USD
2014-11-07 price ITOT                              116.88 USD
2014-11-07 price VEA                                58.41 USD
2014-11-07 price VHT                                43.97 USD
2014-11-07 price GLD                               152.51 USD
2014-11-14 price VBMPX                              79.60 USD
2014-11-14 price RGAGX                             189.55 USD
2014-11-14 price ITOT                              118.35 USD
2014-11-14 price VEA                                58.35 USD
2014-11-14 price VHT                                43.12 USD
2014-11-14 price GLD                               153.25 USD
2014-11-21 price VBMPX                              80.41 USD
2014-11-21 price RGAGX                             189.32 USD
2014-11-21 price ITOT                              117.97 USD
2014-11-21 price VEA                                56.09 USD
2014-11-21 price VHT                                42.36 USD
2014-11-21 price GLD                               152.23 USD
2014-11-28 price VBMPX                              80.37 USD
2014-11-28 price RGAGX                             192.00 USD
2014-11-28 price ITOT                              117.62 USD
2014-11-28 price VEA                                55.18 USD
2014-11-28 price VHT                                42.90 USD
2014-11-28 price GLD                               148.69 USD
2014-12-05 price VBMPX                              80.03 USD
2014-12-05 price RGAGX                             190.54 USD
2014-12-05 price ITOT                              118.71 USD
2014-12-05 price VEA                                56.72 USD
2014-12-05 price VHT                                41.92 USD
2014-12-05 price GLD                               149.90 USD
2014-12-12 price VBMPX                              80.25 USD
2014-12-12 price RGAGX                             194.23 USD
2014-12-12 price ITOT                              118.89 USD
2014-12-12 price VEA                                57.02 USD
2014-12-12 price VHT                                42.58 USD
2014-12-12 price GLD                               149.68 USD
2014-12-19 price VBMPX                              80.53 USD
2014-12-19 price RGAGX                             195.85 USD
2014-12-19 price ITOT                              117.25 USD
2014-12-19 price VEA                                60.59 USD
2014-12-19 price VHT                                41.94 USD
2014-12-19 price GLD                               149.95 USD
2014-12-26 price VBMPX                              81.12 USD
2014-12-26 price RGAGX                             195.49 USD
2014-12-26 price ITOT                              118.10 USD
2014-12-26 price VEA                                58.69 USD
2014-12-26 price VHT                                41.73 USD
2014-12-26 price GLD                               149.31 USD
2015-01-02 price VBMPX                              80.81 USD
2015-01-02 price RGAGX                             198.46 USD
2015-01-02 price ITOT                              118.48 USD
2015-01-02 price VEA                                57.68 USD
2015-01-02 price VHT                                41.64 USD
2015-01-02 price GLD                               144.77 USD
2015-01-09 price VBMPX                              80.59 USD
2015-01-09 price RGAGX                             198.51 USD
2015-01-09 price ITOT                              117.49 USD
2015-01-09 price VEA                                57.57 USD
2015-01-09 price VHT                                41.31 USD
2015-01-09 price GLD                               144.49 USD
2015-01-16 price VBMPX                              80.15 USD
2015-01-16 price RGAGX                             196.28 USD
2015-01-16 price ITOT                              120.23 USD
2015-01-16 price VEA                                57.39 USD
2015-01-16 price VHT                                40.67 USD
2015-01-16 price GLD                               140.40 USD
2015-01-23 price VBMPX                              80.64 USD
2015-01-23 price RGAGX                             196.77 USD
2015-01-23 price ITOT                              121.50 USD
2015-01-23 price VEA                                57.24 USD
2015-01-23 price VHT                                40.87 USD
2015-01-23 price GLD                               141.17 USD
2015-01-30 price VBMPX                              80.86 USD
2015-01-30 price RGAGX                             197.87 USD
2015-01-30 price ITOT                              122.93 USD
2015-01-30 price VEA                                55.13 USD
2015-01-30 price VHT                                40.30 USD
2015-01-30 price GLD                               140.67 USD
2015-02-06 price VBMPX                              81.03 USD
2015-02-06 price RGAGX                             205.22 USD
2015-02-06 price ITOT                              122.76 USD
2015-02-06 price VEA                                54.46 USD
2015-02-06 price VHT                                40.62 USD
2015-02-06 price GLD                               137.64 USD
2015-02-13 price VBMPX                              81.49 USD
2015-02-13 price RGAGX                             205.31 USD
2015-02-13 price ITOT                              124.79 USD
2015-02-13 price VEA                                55.08 USD
2015-02-13 price VHT                                41.35 USD
2015-02-13 price GLD                               136.28 USD
2015-02-20 price VBMPX                              81.96 USD
2015-02-20 price RGAGX                             205.08 USD
2015-02-20 price ITOT                              125.48 USD
2015-02-20 price VEA                                56.79 USD
2015-02-20 price VHT                                41.92 USD
2015-02-20 price GLD                               135.35 USD
2015-02-27 price VBMPX                              82.26 USD
2015-02-27 price RGAGX                             201.76 USD
2015-02-27 price ITOT                              125.57 USD
2015-02-27 price VEA                                56.39 USD
2015-02-27 price VHT                                42.11 USD
2015-02-27 price GLD                               135.04 USD
2015-03-06 price VBMPX                              81.75 USD
2015-03-06 price RGAGX                             205.81 USD
2015-03-06 price ITOT                              125.50 USD
2015-03-06 price VEA                                55.00 USD
2015-03-06 price VHT                                41.63 USD
2015-03-06 price GLD                               134.79 USD
2015-03-13 price VBMPX                              81.79 USD
2015-03-13 price RGAGX                             204.22 USD
2015-03-13 price ITOT                              125.94 USD
2015-03-13 price VEA                                54.69 USD
2015-03-13 price VHT                                42.52 USD
2015-03-13 price GLD                               134.88 USD
2015-03-20 price VBMPX                              81.50 USD
2015-03-20 price RGAGX                             200.34 USD
2015-03-20 price ITOT                              128.21 USD
2015-03-20 price VEA                                53.95 USD
2015-03-20 price VHT                                43.12 USD
2015-03-20 price GLD                               133.76 USD
2015-03-27 price VBMPX                              81.30 USD
2015-03-27 price RGAGX                             204.00 USD
2015-03-27 price ITOT                              127.91 USD
2015-03-27 price VEA                                54.79 USD
2015-03-27 price VHT                                42.01 USD
2015-03-27 price GLD                               132.60 USD
2015-04-03 price VBMPX                              81.50 USD
2015-04-03 price RGAGX                             206.01 USD
2015-04-03 price ITOT                              130.01 USD
2015-04-03 price VEA                                55.52 USD
2015-04-03 price VHT                                42.96 USD
2015-04-03 price GLD                               132.31 USD
2015-04-10 price VBMPX                              81.41 USD
2015-04-10 price RGAGX                             203.46 USD
2015-04-10 price ITOT                              130.72 USD
2015-04-10 price VEA                                54.11 USD
2015-04-10 price VHT                                43.88 USD
2015-04-10 price GLD                               129.19 USD
2015-04-17 price VBMPX                              81.89 USD
2015-04-17 price RGAGX                             203.59 USD
2015-04-17 price ITOT                              130.61 USD
2015-04-17 price VEA                                54.63 USD
2015-04-17 price VHT                                43.91 USD
2015-04-17 price GLD                               127.07 USD
2015-04-24 price VBMPX                              81.64 USD
2015-04-24 price RGAGX                             207.90 USD
2015-04-24 price ITOT                              130.33 USD
2015-04-24 price VEA                                54.39 USD
2015-04-24 price VHT                                43.58 USD
2015-04-24 price GLD                               124.37 USD
2015-05-01 price VBMPX                              81.81 USD
2015-05-01 price RGAGX                             206.15 USD
2015-05-01 price ITOT                              129.69 USD
2015-05-01 price VEA                                53.41 USD
2015-05-01 price VHT                                44.68 USD
2015-05-01 price GLD                               125.48 USD
2015-05-08 price VBMPX                              80.64 USD
2015-05-08 price RGAGX                             208.86 USD
2015-05-08 price ITOT                              130.90 USD
2015-05-08 price VEA                                54.36 USD
2015-05-08 price VHT                                44.27 USD
2015-05-08 price GLD                               126.78 USD
2015-05-15 price VBMPX                              81.23 USD
2015-05-15 price RGAGX                             210.56 USD
2015-05-15 price ITOT                              132.08 USD
2015-05-15 price VEA                                54.71 USD
2015-05-15 price VHT                                45.61 USD
2015-05-15 price GLD                               131.25 USD
2015-05-22 price VBMPX                              81.12 USD
2015-05-22 price RGAGX                             208.20 USD
2015-05-22 price ITOT                              134.08 USD
2015-05-22 price VEA                                55.10 USD
2015-05-22 price VHT                                46.18 USD
2015-05-22 price GLD                               133.02 USD
2015-05-29 price VBMPX                              81.14 USD
2015-05-29 price RGAGX                             206.66 USD
2015-05-29 price ITOT                              135.74 USD
2015-05-29 price VEA                                55.13 USD
2015-05-29 price VHT                                46.24 USD
2015-05-29 price GLD                               133.95 USD
2015-06-05 price VBMPX                              81.40 USD
2015-06-05 price RGAGX                             207.72 USD
2015-06-05 price ITOT                              136.74 USD
2015-06-05 price VEA                                55.85 USD
2015-06-05 price VHT                                46.52 USD
2015-06-05 price GLD                               133.00 USD
2015-06-12 price VBMPX                              82.37 USD
2015-06-12 price RGAGX                             208.31 USD
2015-06-12 price ITOT                              137.10 USD
2015-06-12 price VEA                                55.17 USD
2015-06-12 price VHT                                46.26 USD
2015-06-12 price GLD                               133.68 USD
2015-06-19 price VBMPX                              82.27 USD
2015-06-19 price RGAGX                             214.84 USD
2015-06-19 price ITOT                              137.10 USD
2015-06-19 price VEA                                53.65 USD
2015-06-19 price VHT                                45.48 USD
2015-06-19 price GLD                               132.87 USD
2015-06-26 price VBMPX                              81.99 USD
2015-06-26 price RGAGX                             222.21 USD
2015-06-26 price ITOT                              136.30 USD
2015-06-26 price VEA                                54.71 USD
2015-06-26 price VHT                                45.25 USD
2015-06-26 price GLD                               127.76 USD
2015-07-03 price VBMPX                              82.99 USD
2015-07-03 price RGAGX                             222.54 USD
2015-07-03 price ITOT                              138.95 USD
2015-07-03 price VEA                                53.94 USD
2015-07-03 price VHT                                44.40 USD
2015-07-03 price GLD                               123.62 USD
2015-07-10 price VBMPX                              82.59 USD
2015-07-10 price RGAGX                             221.95 USD
2015-07-10 price ITOT                              139.41 USD
2015-07-10 price VEA                                53.93 USD
2015-07-10 price VHT                                44.97 USD
2015-07-10 price GLD                               126.38 USD
2015-07-17 price VBMPX                              83.68 USD
2015-07-17 price RGAGX                             221.43 USD
2015-07-17 price ITOT                              140.03 USD
2015-07-17 price VEA                                53.34 USD
2015-07-17 price VHT                                45.93 USD
2015-07-17 price GLD                               126.87 USD
2015-07-24 price VBMPX                              82.87 USD
2015-07-24 price RGAGX                             220.23 USD
2015-07-24 price ITOT                              138.65 USD
2015-07-24 price VEA                                53.10 USD
2015-07-24 price VHT                                45.59 USD
2015-07-24 price GLD                               125.75 USD
2015-07-31 price VBMPX                              83.02 USD
2015-07-31 price RGAGX                             219.41 USD
2015-07-31 price ITOT                              139.54 USD
2015-07-31 price VEA                                52.44 USD
2015-07-31 price VHT                                44.95 USD
2015-07-31 price GLD                               125.72 USD
2015-08-07 price VBMPX                              83.26 USD
2015-08-07 price RGAGX                             222.15 USD
2015-08-07 price ITOT                              139.43 USD
2015-08-07 price VEA                                52.34 USD
2015-08-07 price VHT                                44.44 USD
2015-08-07 price GLD                               129.15 USD
2015-08-14 price VBMPX                              82.87 USD
2015-08-14 price RGAGX                             223.00 USD
2015-08-14 price ITOT                              139.19 USD
2015-08-14 price VEA                                51.08 USD
2015-08-14 price VHT                                44.73 USD
2015-08-14 price GLD                               129.88 USD
2015-08-21 price VBMPX                              83.26 USD
2015-08-21 price RGAGX                             225.32 USD
2015-08-21 price ITOT                              138.96 USD
2015-08-21 price VEA                                51.07 USD
2015-08-21 price VHT                                45.53 USD
2015-08-21 price GLD                               128.62 USD
2015-08-28 price VBMPX                              83.44 USD
2015-08-28 price RGAGX                             228.98 USD
2015-08-28 price ITOT                              139.16 USD
2015-08-28 price VEA                                50.93 USD
2015-08-28 price VHT                                44.96 USD
2015-08-28 price GLD                               129.31 USD
2015-09-04 price VBMPX                              83.49 USD
2015-09-04 price RGAGX                             231.67 USD
2015-09-04 price ITOT                              138.60 USD
2015-09-04 price VEA                                49.33 USD
2015-09-04 price VHT                                43.92 USD
2015-09-04 price GLD                               128.81 USD
2015-09-11 price VBMPX                              83.76 USD
2015-09-11 price RGAGX                             229.84 USD
2015-09-11 price ITOT                              137.82 USD
2015-09-11 price VEA                                50.48 USD
2015-09-11 price VHT                                42.65 USD
2015-09-11 price GLD                               130.73 USD
2015-09-18 price VBMPX                              84.21 USD
2015-09-18 price RGAGX                             228.22 USD
2015-09-18 price ITOT                              138.82 USD
2015-09-18 price VEA                                50.66 USD
2015-09-18 price VHT                                42.26 USD
2015-09-18 price GLD                               128.49 USD
2015-09-25 price VBMPX                              84.76 USD
2015-09-25 price RGAGX                             231.79 USD
2015-09-25 price ITOT                              137.51 USD
2015-09-25 price VEA                                53.73 USD
2015-09-25 price VHT                                40.46 USD
2015-09-25 price GLD                               129.41 USD
2015-10-02 price VBMPX                              84.46 USD
2015-10-02 price RGAGX                             236.48 USD
2015-10-02 price ITOT                              138.60 USD
2015-10-02 price VEA                                52.61 USD
2015-10-02 price VHT                                39.84 USD
2015-10-02 price GLD                               128.68 USD
2015-10-09 price VBMPX                              84.81 USD
2015-10-09 price RGAGX                             241.13 USD
2015-10-09 price ITOT                              138.24 USD
2015-10-09 price VEA                                51.55 USD
2015-10-09 price VHT                                40.93 USD
2015-10-09 price GLD                               128.13 USD
2015-10-16 price VBMPX                              84.78 USD
2015-10-16 price RGAGX                             232.76 USD
2015-10-16 price ITOT                              137.80 USD
2015-10-16 price VEA                                51.33 USD
2015-10-16 price VHT                                41.47 USD
2015-10-16 price GLD                               128.38 USD
2015-10-23 price VBMPX                              84.75 USD
2015-10-23 price RGAGX                             231.12 USD
2015-10-23 price ITOT                              139.11 USD
2015-10-23 price VEA                                52.90 USD
2015-10-23 price VHT                                41.10 USD
2015-10-23 price GLD                               132.77 USD
2015-10-30 price VBMPX                              84.36 USD
2015-10-30 price RGAGX                             228.22 USD
2015-10-30 price ITOT                              139.37 USD
2015-10-30 price VEA                                54.98 USD
2015-10-30 price VHT                                42.91 USD
2015-10-30 price GLD                               134.44 USD
2015-11-06 price VBMPX                              84.55 USD
2015-11-06 price RGAGX                             232.26 USD
2015-11-06 price ITOT                              140.11 USD
2015-11-06 price VEA                                54.23 USD
2015-11-06 price VHT                                42.39 USD
2015-11-06 price GLD                               135.81 USD
2015-11-13 price VBMPX                              85.14 USD
2015-11-13 price RGAGX                             232.40 USD
2015-11-13 price ITOT                              140.26 USD
2015-11-13 price VEA                                53.71 USD
2015-11-13 price VHT                                41.98 USD
2015-11-13 price GLD                               138.30 USD
2015-11-20 price VBMPX                              85.24 USD
2015-11-20 price RGAGX                             229.32 USD
2015-11-20 price ITOT                              139.89 USD
2015-11-20 price VEA                                54.20 USD
2015-11-20 price VHT                                41.24 USD
2015-11-20 price GLD                               135.50 USD
2015-11-27 price VBMPX                              85.69 USD
2015-11-27 price RGAGX                             230.48 USD
2015-11-27 price ITOT                              141.09 USD
2015-11-27 price VEA                                53.30 USD
2015-11-27 price VHT                                41.87 USD
2015-11-27 price GLD                               134.96 USD
2015-12-04 price VBMPX                              85.60 USD
2015-12-04 price RGAGX                             231.59 USD
2015-12-04 price ITOT                              143.46 USD
2015-12-04 price VEA                                53.35 USD
2015-12-04 price VHT                                41.77 USD
2015-12-04 price GLD                               135.50 USD
2015-12-11 price VBMPX                              86.28 USD
2015-12-11 price RGAGX                             232.17 USD
2015-12-11 price ITOT                              144.07 USD
2015-12-11 price VEA                                53.06 USD
2015-12-11 price VHT                                43.05 USD
2015-12-11 price GLD                               137.35 USD
2015-12-18 price VBMPX                              85.70 USD
2015-12-18 price RGAGX                             236.73 USD
2015-12-18 price ITOT                              146.33 USD
2015-12-18 price VEA                                53.10 USD
2015-12-18 price VHT                                42.85 USD
2015-12-18 price GLD                               133.57 USD



* Cash

