;; -*- mode: org; mode: beancount; -*-
;; Birth: 1980-05-12
;; Dates: 2013-01-01 - 2015-11-26
;; THIS FILE HAS BEEN AUTO-GENERATED.
* Options

option "title" "Example Beancount file"
option "operating_currency" "USD"




* Commodities


1792-01-01 commodity USD
  export: "CASH"
  name: "US Dollar"

1900-01-01 commodity VMMXX
  export: "MUTF:VMMXX (MONEY:USD)"

1980-05-12 commodity VACHR
  export: "IGNORE"
  name: "Employer Vacation Hours"

1980-05-12 commodity IRAUSD
  export: "IGNORE"
  name: "US 401k and IRA Contributions"

1995-09-18 commodity VBMPX
  export: "MUTF:VBMPX"
  name: "Vanguard Total Bond Market Index Fund Institutional Plus Shares"

2004-01-20 commodity ITOT
  export: "NYSEARCA:ITOT"
  name: "iShares Core S&P Total U.S. Stock Market ETF"

2004-01-26 commodity VHT
  export: "NYSEARCA:VHT"
  name: "Vanguard Health Care ETF"

2004-11-01 commodity GLD
  export: "NYSEARCA:GLD"
  name: "SPDR Gold Trust (ETF)"

2007-07-20 commodity VEA
  export: "NYSEARCA:VEA"
  name: "Vanguard FTSE Developed Markets ETF"

2009-05-01 commodity RGAGX
  export: "MUTF:RGAGX"
  name: "American Funds The Growth Fund of America Class R-6"



* Equity Accounts

1980-05-12 open Equity:Opening-Balances
1980-05-12 open Liabilities:AccountsPayable



* Banking

2013-01-01 open Assets:US:BofA:Checking                        USD

2013-01-01 * "Opening Balance for checking account"
  Assets:US:BofA:Checking                          3157.93 USD
  Equity:Opening-Balances                         -3157.93 USD

2013-01-02 balance Assets:US:BofA:Checking         3157.93 USD

2013-01-04 * "BANK FEES" | "Monthly bank fee"
  Assets:US:BofA:Checking                            -4.00 USD
  Expenses:Financial:Fees                             4.00 USD

2013-01-06 * "RiverBank Properties" | "Paying the rent"
  Assets:US:BofA:Checking                         -2400.00 USD
  Expenses:Home:Rent                               2400.00 USD

2013-01-09 * "EDISON POWER" | ""
  Assets:US:BofA:Checking                           -65.00 USD
  Expenses:Home:Electricity                          65.00 USD

2013-01-19 * "Verizon Wireless" | ""
  Assets:US:BofA:Checking                           -67.59 USD
  Expenses:Home:Phone                                67.59 USD

2013-01-22 balance Assets:US:BofA:Checking         3163.03 USD

2013-01-22 * "Wine-Tarner Cable" | ""
  Assets:US:BofA:Checking                           -79.98 USD
  Expenses:Home:Internet                             79.98 USD

2013-02-04 * "BANK FEES" | "Monthly bank fee"
  Assets:US:BofA:Checking                            -4.00 USD
  Expenses:Financial:Fees                             4.00 USD

2013-02-05 * "RiverBank Properties" | "Paying the rent"
  Assets:US:BofA:Checking                         -2400.00 USD
  Expenses:Home:Rent                               2400.00 USD

2013-02-08 * "EDISON POWER" | ""
  Assets:US:BofA:Checking                           -65.00 USD
  Expenses:Home:Electricity                          65.00 USD

2013-02-15 balance Assets:US:BofA:Checking         2780.73 USD

2013-02-19 * "Verizon Wireless" | ""
  Assets:US:BofA:Checking                           -51.03 USD
  Expenses:Home:Phone                                51.03 USD

2013-02-22 * "Wine-Tarner Cable" | ""
  Assets:US:BofA:Checking                           -79.85 USD
  Expenses:Home:Internet                             79.85 USD

2013-03-04 * "BANK FEES" | "Monthly bank fee"
  Assets:US:BofA:Checking                            -4.00 USD
  Expenses:Financial:Fees                             4.00 USD

2013-03-04 * "RiverBank Properties" | "Paying the rent"
  Assets:US:BofA:Checking                         -2400.00 USD
  Expenses:Home:Rent                               2400.00 USD

2013-03-08 * "EDISON POWER" | ""
  Assets:US:BofA:Checking                           -65.00 USD
  Expenses:Home:Electricity                          65.00 USD

2013-03-13 balance Assets:US:BofA:Checking          822.52 USD

2013-03-19 * "Verizon Wireless" | ""
  Assets:US:BofA:Checking                           -57.23 USD
  Expenses:Home:Phone                                57.23 USD

2013-03-22 * "Wine-Tarner Cable" | ""
  Assets:US:BofA:Checking                           -79.97 USD
  Expenses:Home:Internet                             79.97 USD

2013-04-03 * "RiverBank Properties" | "Paying the rent"
  Assets:US:BofA:Checking                         -2400.00 USD
  Expenses:Home:Rent                               2400.00 USD

2013-04-04 * "BANK FEES" | "Monthly bank fee"
  Assets:US:BofA:Checking                            -4.00 USD
  Expenses:Financial:Fees                             4.00 USD

2013-04-08 * "EDISON POWER" | ""
  Assets:US:BofA:Checking                           -65.00 USD
  Expenses:Home:Electricity                          65.00 USD

2013-04-09 balance Assets:US:BofA:Checking          333.02 USD

2013-04-20 * "Verizon Wireless" | ""
  Assets:US:BofA:Checking                           -71.41 USD
  Expenses:Home:Phone                                71.41 USD

2013-04-22 * "Wine-Tarner Cable" | ""
  Assets:US:BofA:Checking                           -80.00 USD
  Expenses:Home:Internet                             80.00 USD

2013-05-04 * "BANK FEES" | "Monthly bank fee"
  Assets:US:BofA:Checking                            -4.00 USD
  Expenses:Financial:Fees                             4.00 USD

2013-05-04 * "RiverBank Properties" | "Paying the rent"
  Assets:US:BofA:Checking                         -2400.00 USD
  Expenses:Home:Rent                               2400.00 USD

2013-05-05 balance Assets:US:BofA:Checking          478.81 USD

2013-05-09 * "EDISON POWER" | ""
  Assets:US:BofA:Checking                           -65.00 USD
  Expenses:Home:Electricity                          65.00 USD

2013-05-18 * "Verizon Wireless" | ""
  Assets:US:BofA:Checking                           -68.22 USD
  Expenses:Home:Phone                                68.22 USD

2013-05-22 * "Wine-Tarner Cable" | ""
  Assets:US:BofA:Checking                           -80.19 USD
  Expenses:Home:Internet                             80.19 USD

2013-06-04 balance Assets:US:BofA:Checking         2404.00 USD

2013-06-04 * "BANK FEES" | "Monthly bank fee"
  Assets:US:BofA:Checking                            -4.00 USD
  Expenses:Financial:Fees                             4.00 USD

2013-06-05 * "RiverBank Properties" | "Paying the rent"
  Assets:US:BofA:Checking                         -2400.00 USD
  Expenses:Home:Rent                               2400.00 USD

2013-06-09 * "EDISON POWER" | ""
  Assets:US:BofA:Checking                           -65.00 USD
  Expenses:Home:Electricity                          65.00 USD

2013-06-18 * "Verizon Wireless" | ""
  Assets:US:BofA:Checking                           -63.13 USD
  Expenses:Home:Phone                                63.13 USD

2013-06-22 * "Wine-Tarner Cable" | ""
  Assets:US:BofA:Checking                           -79.93 USD
  Expenses:Home:Internet                             79.93 USD

2013-06-26 balance Assets:US:BofA:Checking         1799.70 USD

2013-07-04 * "BANK FEES" | "Monthly bank fee"
  Assets:US:BofA:Checking                            -4.00 USD
  Expenses:Financial:Fees                             4.00 USD

2013-07-06 * "RiverBank Properties" | "Paying the rent"
  Assets:US:BofA:Checking                         -2400.00 USD
  Expenses:Home:Rent                               2400.00 USD

2013-07-09 * "EDISON POWER" | ""
  Assets:US:BofA:Checking                           -65.00 USD
  Expenses:Home:Electricity                          65.00 USD

2013-07-18 * "Verizon Wireless" | ""
  Assets:US:BofA:Checking                           -50.68 USD
  Expenses:Home:Phone                                50.68 USD

2013-07-20 balance Assets:US:BofA:Checking         1824.78 USD

2013-07-22 * "Wine-Tarner Cable" | ""
  Assets:US:BofA:Checking                           -79.86 USD
  Expenses:Home:Internet                             79.86 USD

2013-08-04 * "BANK FEES" | "Monthly bank fee"
  Assets:US:BofA:Checking                            -4.00 USD
  Expenses:Financial:Fees                             4.00 USD

2013-08-04 * "RiverBank Properties" | "Paying the rent"
  Assets:US:BofA:Checking                         -2400.00 USD
  Expenses:Home:Rent                               2400.00 USD

2013-08-08 * "EDISON POWER" | ""
  Assets:US:BofA:Checking                           -65.00 USD
  Expenses:Home:Electricity                          65.00 USD

2013-08-13 balance Assets:US:BofA:Checking         1333.36 USD

2013-08-16 * "Transfering accumulated savings to other account"
  Assets:US:BofA:Checking                            -3000 USD
  Assets:US:ETrade:Cash                               3000 USD

2013-08-20 * "Verizon Wireless" | ""
  Assets:US:BofA:Checking                           -61.29 USD
  Expenses:Home:Phone                                61.29 USD

2013-08-23 * "Wine-Tarner Cable" | ""
  Assets:US:BofA:Checking                           -80.17 USD
  Expenses:Home:Internet                             80.17 USD

2013-09-04 * "BANK FEES" | "Monthly bank fee"
  Assets:US:BofA:Checking                            -4.00 USD
  Expenses:Financial:Fees                             4.00 USD

2013-09-05 * "RiverBank Properties" | "Paying the rent"
  Assets:US:BofA:Checking                         -2400.00 USD
  Expenses:Home:Rent                               2400.00 USD

2013-09-09 * "EDISON POWER" | ""
  Assets:US:BofA:Checking                           -65.00 USD
  Expenses:Home:Electricity                          65.00 USD

2013-09-11 balance Assets:US:BofA:Checking          290.63 USD

2013-09-19 * "Verizon Wireless" | ""
  Assets:US:BofA:Checking                           -81.85 USD
  Expenses:Home:Phone                                81.85 USD

2013-09-21 * "Wine-Tarner Cable" | ""
  Assets:US:BofA:Checking                           -79.98 USD
  Expenses:Home:Internet                             79.98 USD

2013-10-03 * "RiverBank Properties" | "Paying the rent"
  Assets:US:BofA:Checking                         -2400.00 USD
  Expenses:Home:Rent                               2400.00 USD

2013-10-04 * "BANK FEES" | "Monthly bank fee"
  Assets:US:BofA:Checking                            -4.00 USD
  Expenses:Financial:Fees                             4.00 USD

2013-10-05 balance Assets:US:BofA:Checking         2826.00 USD

2013-10-09 * "EDISON POWER" | ""
  Assets:US:BofA:Checking                           -65.00 USD
  Expenses:Home:Electricity                          65.00 USD

2013-10-11 * "Transfering accumulated savings to other account"
  Assets:US:BofA:Checking                            -4000 USD
  Assets:US:ETrade:Cash                               4000 USD

2013-10-18 * "Verizon Wireless" | ""
  Assets:US:BofA:Checking                           -76.78 USD
  Expenses:Home:Phone                                76.78 USD

2013-10-22 * "Wine-Tarner Cable" | ""
  Assets:US:BofA:Checking                           -80.02 USD
  Expenses:Home:Internet                             80.02 USD

2013-10-25 balance Assets:US:BofA:Checking         2870.64 USD

2013-11-04 * "BANK FEES" | "Monthly bank fee"
  Assets:US:BofA:Checking                            -4.00 USD
  Expenses:Financial:Fees                             4.00 USD

2013-11-05 * "RiverBank Properties" | "Paying the rent"
  Assets:US:BofA:Checking                         -2400.00 USD
  Expenses:Home:Rent                               2400.00 USD

2013-11-08 * "EDISON POWER" | ""
  Assets:US:BofA:Checking                           -65.00 USD
  Expenses:Home:Electricity                          65.00 USD

2013-11-17 balance Assets:US:BofA:Checking         2534.91 USD

2013-11-19 * "Verizon Wireless" | ""
  Assets:US:BofA:Checking                           -89.68 USD
  Expenses:Home:Phone                                89.68 USD

2013-11-21 * "Wine-Tarner Cable" | ""
  Assets:US:BofA:Checking                           -79.97 USD
  Expenses:Home:Internet                             79.97 USD

2013-12-03 * "RiverBank Properties" | "Paying the rent"
  Assets:US:BofA:Checking                         -2400.00 USD
  Expenses:Home:Rent                               2400.00 USD

2013-12-04 * "BANK FEES" | "Monthly bank fee"
  Assets:US:BofA:Checking                            -4.00 USD
  Expenses:Financial:Fees                             4.00 USD

2013-12-09 * "EDISON POWER" | ""
  Assets:US:BofA:Checking                           -65.00 USD
  Expenses:Home:Electricity                          65.00 USD

2013-12-10 balance Assets:US:BofA:Checking         4167.40 USD

2013-12-20 * "Verizon Wireless" | ""
  Assets:US:BofA:Checking                           -39.70 USD
  Expenses:Home:Phone                                39.70 USD

2013-12-23 * "Wine-Tarner Cable" | ""
  Assets:US:BofA:Checking                           -79.83 USD
  Expenses:Home:Internet                             79.83 USD

2014-01-02 balance Assets:US:BofA:Checking         6880.01 USD

2014-01-04 * "BANK FEES" | "Monthly bank fee"
  Assets:US:BofA:Checking                            -4.00 USD
  Expenses:Financial:Fees                             4.00 USD

2014-01-04 * "RiverBank Properties" | "Paying the rent"
  Assets:US:BofA:Checking                         -2400.00 USD
  Expenses:Home:Rent                               2400.00 USD

2014-01-08 * "EDISON POWER" | ""
  Assets:US:BofA:Checking                           -65.00 USD
  Expenses:Home:Electricity                          65.00 USD

2014-01-20 * "Verizon Wireless" | ""
  Assets:US:BofA:Checking                           -36.85 USD
  Expenses:Home:Phone                                36.85 USD

2014-01-23 * "Wine-Tarner Cable" | ""
  Assets:US:BofA:Checking                           -79.90 USD
  Expenses:Home:Internet                             79.90 USD

2014-01-29 balance Assets:US:BofA:Checking         6398.31 USD

2014-02-04 * "BANK FEES" | "Monthly bank fee"
  Assets:US:BofA:Checking                            -4.00 USD
  Expenses:Financial:Fees                             4.00 USD

2014-02-06 * "RiverBank Properties" | "Paying the rent"
  Assets:US:BofA:Checking                         -2400.00 USD
  Expenses:Home:Rent                               2400.00 USD

2014-02-09 * "EDISON POWER" | ""
  Assets:US:BofA:Checking                           -65.00 USD
  Expenses:Home:Electricity                          65.00 USD

2014-02-18 balance Assets:US:BofA:Checking         5961.82 USD

2014-02-19 * "Verizon Wireless" | ""
  Assets:US:BofA:Checking                           -80.03 USD
  Expenses:Home:Phone                                80.03 USD

2014-02-22 * "Wine-Tarner Cable" | ""
  Assets:US:BofA:Checking                           -80.10 USD
  Expenses:Home:Internet                             80.10 USD

2014-03-04 * "BANK FEES" | "Monthly bank fee"
  Assets:US:BofA:Checking                            -4.00 USD
  Expenses:Financial:Fees                             4.00 USD

2014-03-05 * "RiverBank Properties" | "Paying the rent"
  Assets:US:BofA:Checking                         -2400.00 USD
  Expenses:Home:Rent                               2400.00 USD

2014-03-09 * "EDISON POWER" | ""
  Assets:US:BofA:Checking                           -65.00 USD
  Expenses:Home:Electricity                          65.00 USD

2014-03-11 balance Assets:US:BofA:Checking         4481.50 USD

2014-03-18 * "Verizon Wireless" | ""
  Assets:US:BofA:Checking                           -61.52 USD
  Expenses:Home:Phone                                61.52 USD

2014-03-21 * "Wine-Tarner Cable" | ""
  Assets:US:BofA:Checking                           -79.87 USD
  Expenses:Home:Internet                             79.87 USD

2014-04-04 * "BANK FEES" | "Monthly bank fee"
  Assets:US:BofA:Checking                            -4.00 USD
  Expenses:Financial:Fees                             4.00 USD

2014-04-04 * "RiverBank Properties" | "Paying the rent"
  Assets:US:BofA:Checking                         -2400.00 USD
  Expenses:Home:Rent                               2400.00 USD

2014-04-06 balance Assets:US:BofA:Checking         3826.22 USD

2014-04-08 * "EDISON POWER" | ""
  Assets:US:BofA:Checking                           -65.00 USD
  Expenses:Home:Electricity                          65.00 USD

2014-04-18 * "Verizon Wireless" | ""
  Assets:US:BofA:Checking                           -46.97 USD
  Expenses:Home:Phone                                46.97 USD

2014-04-22 * "Wine-Tarner Cable" | ""
  Assets:US:BofA:Checking                           -80.01 USD
  Expenses:Home:Internet                             80.01 USD

2014-05-01 balance Assets:US:BofA:Checking         5602.84 USD

2014-05-04 * "BANK FEES" | "Monthly bank fee"
  Assets:US:BofA:Checking                            -4.00 USD
  Expenses:Financial:Fees                             4.00 USD

2014-05-06 * "RiverBank Properties" | "Paying the rent"
  Assets:US:BofA:Checking                         -2400.00 USD
  Expenses:Home:Rent                               2400.00 USD

2014-05-09 * "EDISON POWER" | ""
  Assets:US:BofA:Checking                           -65.00 USD
  Expenses:Home:Electricity                          65.00 USD

2014-05-19 * "Verizon Wireless" | ""
  Assets:US:BofA:Checking                           -68.08 USD
  Expenses:Home:Phone                                68.08 USD

2014-05-22 balance Assets:US:BofA:Checking         3827.07 USD

2014-05-23 * "Wine-Tarner Cable" | ""
  Assets:US:BofA:Checking                           -79.95 USD
  Expenses:Home:Internet                             79.95 USD

2014-06-04 * "BANK FEES" | "Monthly bank fee"
  Assets:US:BofA:Checking                            -4.00 USD
  Expenses:Financial:Fees                             4.00 USD

2014-06-04 * "RiverBank Properties" | "Paying the rent"
  Assets:US:BofA:Checking                         -2400.00 USD
  Expenses:Home:Rent                               2400.00 USD

2014-06-08 * "EDISON POWER" | ""
  Assets:US:BofA:Checking                           -65.00 USD
  Expenses:Home:Electricity                          65.00 USD

2014-06-18 balance Assets:US:BofA:Checking         3387.75 USD

2014-06-20 * "Verizon Wireless" | ""
  Assets:US:BofA:Checking                           -74.50 USD
  Expenses:Home:Phone                                74.50 USD

2014-06-23 * "Wine-Tarner Cable" | ""
  Assets:US:BofA:Checking                           -79.99 USD
  Expenses:Home:Internet                             79.99 USD

2014-07-04 * "BANK FEES" | "Monthly bank fee"
  Assets:US:BofA:Checking                            -4.00 USD
  Expenses:Financial:Fees                             4.00 USD

2014-07-05 * "RiverBank Properties" | "Paying the rent"
  Assets:US:BofA:Checking                         -2400.00 USD
  Expenses:Home:Rent                               2400.00 USD

2014-07-08 balance Assets:US:BofA:Checking         3530.46 USD

2014-07-09 * "EDISON POWER" | ""
  Assets:US:BofA:Checking                           -65.00 USD
  Expenses:Home:Electricity                          65.00 USD

2014-07-18 * "Verizon Wireless" | ""
  Assets:US:BofA:Checking                           -61.57 USD
  Expenses:Home:Phone                                61.57 USD

2014-07-18 * "Transfering accumulated savings to other account"
  Assets:US:BofA:Checking                            -3500 USD
  Assets:US:ETrade:Cash                               3500 USD

2014-07-22 * "Wine-Tarner Cable" | ""
  Assets:US:BofA:Checking                           -80.18 USD
  Expenses:Home:Internet                             80.18 USD

2014-08-02 balance Assets:US:BofA:Checking         3573.18 USD

2014-08-04 * "BANK FEES" | "Monthly bank fee"
  Assets:US:BofA:Checking                            -4.00 USD
  Expenses:Financial:Fees                             4.00 USD

2014-08-04 * "RiverBank Properties" | "Paying the rent"
  Assets:US:BofA:Checking                         -2400.00 USD
  Expenses:Home:Rent                               2400.00 USD

2014-08-08 * "EDISON POWER" | ""
  Assets:US:BofA:Checking                           -65.00 USD
  Expenses:Home:Electricity                          65.00 USD

2014-08-18 * "Verizon Wireless" | ""
  Assets:US:BofA:Checking                           -64.39 USD
  Expenses:Home:Phone                                64.39 USD

2014-08-23 * "Wine-Tarner Cable" | ""
  Assets:US:BofA:Checking                           -80.02 USD
  Expenses:Home:Internet                             80.02 USD

2014-08-29 balance Assets:US:BofA:Checking         5251.39 USD

2014-09-04 * "BANK FEES" | "Monthly bank fee"
  Assets:US:BofA:Checking                            -4.00 USD
  Expenses:Financial:Fees                             4.00 USD

2014-09-06 * "RiverBank Properties" | "Paying the rent"
  Assets:US:BofA:Checking                         -2400.00 USD
  Expenses:Home:Rent                               2400.00 USD

2014-09-08 * "EDISON POWER" | ""
  Assets:US:BofA:Checking                           -65.00 USD
  Expenses:Home:Electricity                          65.00 USD

2014-09-12 * "Transfering accumulated savings to other account"
  Assets:US:BofA:Checking                            -4500 USD
  Assets:US:ETrade:Cash                               4500 USD

2014-09-20 * "Verizon Wireless" | ""
  Assets:US:BofA:Checking                           -58.03 USD
  Expenses:Home:Phone                                58.03 USD

2014-09-22 * "Wine-Tarner Cable" | ""
  Assets:US:BofA:Checking                           -80.14 USD
  Expenses:Home:Internet                             80.14 USD

2014-09-28 balance Assets:US:BofA:Checking         2758.18 USD

2014-10-04 * "BANK FEES" | "Monthly bank fee"
  Assets:US:BofA:Checking                            -4.00 USD
  Expenses:Financial:Fees                             4.00 USD

2014-10-04 * "RiverBank Properties" | "Paying the rent"
  Assets:US:BofA:Checking                         -2400.00 USD
  Expenses:Home:Rent                               2400.00 USD

2014-10-09 * "EDISON POWER" | ""
  Assets:US:BofA:Checking                           -65.00 USD
  Expenses:Home:Electricity                          65.00 USD

2014-10-18 * "Verizon Wireless" | ""
  Assets:US:BofA:Checking                           -58.54 USD
  Expenses:Home:Phone                                58.54 USD

2014-10-22 * "Wine-Tarner Cable" | ""
  Assets:US:BofA:Checking                           -79.92 USD
  Expenses:Home:Internet                             79.92 USD

2014-10-25 balance Assets:US:BofA:Checking         4590.49 USD

2014-11-04 * "BANK FEES" | "Monthly bank fee"
  Assets:US:BofA:Checking                            -4.00 USD
  Expenses:Financial:Fees                             4.00 USD

2014-11-05 * "RiverBank Properties" | "Paying the rent"
  Assets:US:BofA:Checking                         -2400.00 USD
  Expenses:Home:Rent                               2400.00 USD

2014-11-07 * "Transfering accumulated savings to other account"
  Assets:US:BofA:Checking                            -3500 USD
  Assets:US:ETrade:Cash                               3500 USD

2014-11-08 * "EDISON POWER" | ""
  Assets:US:BofA:Checking                           -65.00 USD
  Expenses:Home:Electricity                          65.00 USD

2014-11-14 balance Assets:US:BofA:Checking          570.74 USD

2014-11-18 * "Verizon Wireless" | ""
  Assets:US:BofA:Checking                           -58.39 USD
  Expenses:Home:Phone                                58.39 USD

2014-11-21 * "Wine-Tarner Cable" | ""
  Assets:US:BofA:Checking                           -80.14 USD
  Expenses:Home:Internet                             80.14 USD

2014-12-04 * "BANK FEES" | "Monthly bank fee"
  Assets:US:BofA:Checking                            -4.00 USD
  Expenses:Financial:Fees                             4.00 USD

2014-12-05 * "RiverBank Properties" | "Paying the rent"
  Assets:US:BofA:Checking                         -2400.00 USD
  Expenses:Home:Rent                               2400.00 USD

2014-12-08 balance Assets:US:BofA:Checking         3167.87 USD

2014-12-09 * "EDISON POWER" | ""
  Assets:US:BofA:Checking                           -65.00 USD
  Expenses:Home:Electricity                          65.00 USD

2014-12-18 * "Verizon Wireless" | ""
  Assets:US:BofA:Checking                           -57.09 USD
  Expenses:Home:Phone                                57.09 USD

2014-12-23 * "Wine-Tarner Cable" | ""
  Assets:US:BofA:Checking                           -80.07 USD
  Expenses:Home:Internet                             80.07 USD

2015-01-04 * "BANK FEES" | "Monthly bank fee"
  Assets:US:BofA:Checking                            -4.00 USD
  Expenses:Financial:Fees                             4.00 USD

2015-01-06 balance Assets:US:BofA:Checking         6722.31 USD

2015-01-06 * "RiverBank Properties" | "Paying the rent"
  Assets:US:BofA:Checking                         -2400.00 USD
  Expenses:Home:Rent                               2400.00 USD

2015-01-09 * "EDISON POWER" | ""
  Assets:US:BofA:Checking                           -65.00 USD
  Expenses:Home:Electricity                          65.00 USD

2015-01-18 * "Verizon Wireless" | ""
  Assets:US:BofA:Checking                           -59.57 USD
  Expenses:Home:Phone                                59.57 USD

2015-01-21 * "Wine-Tarner Cable" | ""
  Assets:US:BofA:Checking                           -80.03 USD
  Expenses:Home:Internet                             80.03 USD

2015-02-04 * "BANK FEES" | "Monthly bank fee"
  Assets:US:BofA:Checking                            -4.00 USD
  Expenses:Financial:Fees                             4.00 USD

2015-02-04 * "RiverBank Properties" | "Paying the rent"
  Assets:US:BofA:Checking                         -2400.00 USD
  Expenses:Home:Rent                               2400.00 USD

2015-02-05 balance Assets:US:BofA:Checking         3741.15 USD

2015-02-09 * "EDISON POWER" | ""
  Assets:US:BofA:Checking                           -65.00 USD
  Expenses:Home:Electricity                          65.00 USD

2015-02-19 * "Verizon Wireless" | ""
  Assets:US:BofA:Checking                           -64.14 USD
  Expenses:Home:Phone                                64.14 USD

2015-02-21 * "Wine-Tarner Cable" | ""
  Assets:US:BofA:Checking                           -79.97 USD
  Expenses:Home:Internet                             79.97 USD

2015-03-01 balance Assets:US:BofA:Checking         5547.51 USD

2015-03-03 * "RiverBank Properties" | "Paying the rent"
  Assets:US:BofA:Checking                         -2400.00 USD
  Expenses:Home:Rent                               2400.00 USD

2015-03-04 * "BANK FEES" | "Monthly bank fee"
  Assets:US:BofA:Checking                            -4.00 USD
  Expenses:Financial:Fees                             4.00 USD

2015-03-08 * "EDISON POWER" | ""
  Assets:US:BofA:Checking                           -65.00 USD
  Expenses:Home:Electricity                          65.00 USD

2015-03-18 * "Verizon Wireless" | ""
  Assets:US:BofA:Checking                           -38.93 USD
  Expenses:Home:Phone                                38.93 USD

2015-03-21 * "Wine-Tarner Cable" | ""
  Assets:US:BofA:Checking                           -80.12 USD
  Expenses:Home:Internet                             80.12 USD

2015-03-24 balance Assets:US:BofA:Checking         2659.86 USD

2015-04-04 * "BANK FEES" | "Monthly bank fee"
  Assets:US:BofA:Checking                            -4.00 USD
  Expenses:Financial:Fees                             4.00 USD

2015-04-04 * "RiverBank Properties" | "Paying the rent"
  Assets:US:BofA:Checking                         -2400.00 USD
  Expenses:Home:Rent                               2400.00 USD

2015-04-09 * "EDISON POWER" | ""
  Assets:US:BofA:Checking                           -65.00 USD
  Expenses:Home:Electricity                          65.00 USD

2015-04-15 balance Assets:US:BofA:Checking         2053.31 USD

2015-04-19 * "Verizon Wireless" | ""
  Assets:US:BofA:Checking                           -53.70 USD
  Expenses:Home:Phone                                53.70 USD

2015-04-22 * "Wine-Tarner Cable" | ""
  Assets:US:BofA:Checking                           -80.01 USD
  Expenses:Home:Internet                             80.01 USD

2015-05-03 * "RiverBank Properties" | "Paying the rent"
  Assets:US:BofA:Checking                         -2400.00 USD
  Expenses:Home:Rent                               2400.00 USD

2015-05-04 * "BANK FEES" | "Monthly bank fee"
  Assets:US:BofA:Checking                            -4.00 USD
  Expenses:Financial:Fees                             4.00 USD

2015-05-09 * "EDISON POWER" | ""
  Assets:US:BofA:Checking                           -65.00 USD
  Expenses:Home:Electricity                          65.00 USD

2015-05-14 balance Assets:US:BofA:Checking         1602.50 USD

2015-05-20 * "Verizon Wireless" | ""
  Assets:US:BofA:Checking                           -66.02 USD
  Expenses:Home:Phone                                66.02 USD

2015-05-23 * "Wine-Tarner Cable" | ""
  Assets:US:BofA:Checking                           -80.10 USD
  Expenses:Home:Internet                             80.10 USD

2015-06-03 * "RiverBank Properties" | "Paying the rent"
  Assets:US:BofA:Checking                         -2400.00 USD
  Expenses:Home:Rent                               2400.00 USD

2015-06-04 * "BANK FEES" | "Monthly bank fee"
  Assets:US:BofA:Checking                            -4.00 USD
  Expenses:Financial:Fees                             4.00 USD

2015-06-08 * "EDISON POWER" | ""
  Assets:US:BofA:Checking                           -65.00 USD
  Expenses:Home:Electricity                          65.00 USD

2015-06-11 balance Assets:US:BofA:Checking         1688.58 USD

2015-06-20 * "Verizon Wireless" | ""
  Assets:US:BofA:Checking                           -67.58 USD
  Expenses:Home:Phone                                67.58 USD

2015-06-23 * "Wine-Tarner Cable" | ""
  Assets:US:BofA:Checking                           -80.09 USD
  Expenses:Home:Internet                             80.09 USD

2015-07-03 * "RiverBank Properties" | "Paying the rent"
  Assets:US:BofA:Checking                         -2400.00 USD
  Expenses:Home:Rent                               2400.00 USD

2015-07-04 * "BANK FEES" | "Monthly bank fee"
  Assets:US:BofA:Checking                            -4.00 USD
  Expenses:Financial:Fees                             4.00 USD

2015-07-05 balance Assets:US:BofA:Checking         1280.77 USD

2015-07-08 * "EDISON POWER" | ""
  Assets:US:BofA:Checking                           -65.00 USD
  Expenses:Home:Electricity                          65.00 USD

2015-07-18 * "Verizon Wireless" | ""
  Assets:US:BofA:Checking                           -58.63 USD
  Expenses:Home:Phone                                58.63 USD

2015-07-23 * "Wine-Tarner Cable" | ""
  Assets:US:BofA:Checking                           -80.12 USD
  Expenses:Home:Internet                             80.12 USD

2015-07-29 balance Assets:US:BofA:Checking         1728.58 USD

2015-08-03 * "RiverBank Properties" | "Paying the rent"
  Assets:US:BofA:Checking                         -2400.00 USD
  Expenses:Home:Rent                               2400.00 USD

2015-08-04 * "BANK FEES" | "Monthly bank fee"
  Assets:US:BofA:Checking                            -4.00 USD
  Expenses:Financial:Fees                             4.00 USD

2015-08-09 * "EDISON POWER" | ""
  Assets:US:BofA:Checking                           -65.00 USD
  Expenses:Home:Electricity                          65.00 USD

2015-08-19 * "Verizon Wireless" | ""
  Assets:US:BofA:Checking                           -55.51 USD
  Expenses:Home:Phone                                55.51 USD

2015-08-22 * "Wine-Tarner Cable" | ""
  Assets:US:BofA:Checking                           -80.02 USD
  Expenses:Home:Internet                             80.02 USD

2015-08-26 balance Assets:US:BofA:Checking         3535.70 USD

2015-09-03 * "RiverBank Properties" | "Paying the rent"
  Assets:US:BofA:Checking                         -2400.00 USD
  Expenses:Home:Rent                               2400.00 USD

2015-09-04 * "BANK FEES" | "Monthly bank fee"
  Assets:US:BofA:Checking                            -4.00 USD
  Expenses:Financial:Fees                             4.00 USD

2015-09-09 * "EDISON POWER" | ""
  Assets:US:BofA:Checking                           -65.00 USD
  Expenses:Home:Electricity                          65.00 USD

2015-09-11 * "Transfering accumulated savings to other account"
  Assets:US:BofA:Checking                            -5000 USD
  Assets:US:ETrade:Cash                               5000 USD

2015-09-16 balance Assets:US:BofA:Checking          376.48 USD

2015-09-19 * "Verizon Wireless" | ""
  Assets:US:BofA:Checking                           -31.27 USD
  Expenses:Home:Phone                                31.27 USD

2015-09-21 * "Wine-Tarner Cable" | ""
  Assets:US:BofA:Checking                           -79.89 USD
  Expenses:Home:Internet                             79.89 USD

2015-10-04 * "BANK FEES" | "Monthly bank fee"
  Assets:US:BofA:Checking                            -4.00 USD
  Expenses:Financial:Fees                             4.00 USD

2015-10-05 * "RiverBank Properties" | "Paying the rent"
  Assets:US:BofA:Checking                         -2400.00 USD
  Expenses:Home:Rent                               2400.00 USD

2015-10-07 balance Assets:US:BofA:Checking          411.92 USD

2015-10-09 * "EDISON POWER" | ""
  Assets:US:BofA:Checking                           -65.00 USD
  Expenses:Home:Electricity                          65.00 USD

2015-10-20 * "Verizon Wireless" | ""
  Assets:US:BofA:Checking                           -62.86 USD
  Expenses:Home:Phone                                62.86 USD

2015-10-22 * "Wine-Tarner Cable" | ""
  Assets:US:BofA:Checking                           -79.94 USD
  Expenses:Home:Internet                             79.94 USD

2015-10-23 * "Transfering accumulated savings to other account"
  Assets:US:BofA:Checking                            -4500 USD
  Assets:US:ETrade:Cash                               4500 USD

2015-11-02 balance Assets:US:BofA:Checking          294.08 USD

2015-11-04 * "BANK FEES" | "Monthly bank fee"
  Assets:US:BofA:Checking                            -4.00 USD
  Expenses:Financial:Fees                             4.00 USD

2015-11-20 * "Transfering accumulated savings to other account"
  Assets:US:BofA:Checking                            -5000 USD
  Assets:US:ETrade:Cash                               5000 USD



* Credit-Cards

1980-05-12 open Liabilities:US:Chase:Slate                      USD

2013-01-02 * "Goba Goba" | "Eating out with Bill"
  Liabilities:US:Chase:Slate                        -31.02 USD
  Expenses:Food:Restaurant                           31.02 USD

2013-01-04 * "Uncle Boons" | "Eating out after work"
  Liabilities:US:Chase:Slate                        -25.33 USD
  Expenses:Food:Restaurant                           25.33 USD

2013-01-08 * "Rose Flower" | "Eating out alone"
  Liabilities:US:Chase:Slate                        -67.88 USD
  Expenses:Food:Restaurant                           67.88 USD

2013-01-09 * "Jewel of Morroco" | "Eating out with Bill"
  Liabilities:US:Chase:Slate                        -35.28 USD
  Expenses:Food:Restaurant                           35.28 USD

2013-01-09 * "Chase:Slate" | "Paying off credit card"
  Liabilities:US:Chase:Slate                        159.51 USD
  Assets:US:BofA:Checking                          -159.51 USD

2013-01-14 * "Kin Soy" | "Eating out "
  Liabilities:US:Chase:Slate                        -25.84 USD
  Expenses:Food:Restaurant                           25.84 USD

2013-01-17 * "Jewel of Morroco" | "Eating out with Joe"
  Liabilities:US:Chase:Slate                        -36.73 USD
  Expenses:Food:Restaurant                           36.73 USD

2013-01-18 * "Corner Deli" | "Buying groceries"
  Liabilities:US:Chase:Slate                        -88.16 USD
  Expenses:Food:Groceries                            88.16 USD

2013-01-21 balance Liabilities:US:Chase:Slate      -150.73 USD

2013-01-21 * "Cafe Modagor" | "Eating out with Bill"
  Liabilities:US:Chase:Slate                        -28.11 USD
  Expenses:Food:Restaurant                           28.11 USD

2013-01-22 * "Chichipotle" | "Eating out alone"
  Liabilities:US:Chase:Slate                        -21.12 USD
  Expenses:Food:Restaurant                           21.12 USD

2013-01-24 * "Chichipotle" | "Eating out after work"
  Liabilities:US:Chase:Slate                        -41.63 USD
  Expenses:Food:Restaurant                           41.63 USD

2013-01-29 * "Cafe Modagor" | "Eating out "
  Liabilities:US:Chase:Slate                        -18.89 USD
  Expenses:Food:Restaurant                           18.89 USD

2013-01-31 * "Chichipotle" | "Eating out with Joe"
  Liabilities:US:Chase:Slate                        -12.94 USD
  Expenses:Food:Restaurant                           12.94 USD

2013-02-01 * "Good Moods Market" | "Buying groceries"
  Liabilities:US:Chase:Slate                        -52.42 USD
  Expenses:Food:Groceries                            52.42 USD

2013-02-02 * "Uncle Boons" | "Eating out with Bill"
  Liabilities:US:Chase:Slate                        -16.37 USD
  Expenses:Food:Restaurant                           16.37 USD

2013-02-03 * "Metro Transport Authority" | "Tram tickets"
  Liabilities:US:Chase:Slate                       -120.00 USD
  Expenses:Transport:Tram                           120.00 USD

2013-02-06 * "Kin Soy" | "Eating out alone"
  Liabilities:US:Chase:Slate                        -39.36 USD
  Expenses:Food:Restaurant                           39.36 USD

2013-02-08 * "Chase:Slate" | "Paying off credit card"
  Liabilities:US:Chase:Slate                        534.52 USD
  Assets:US:BofA:Checking                          -534.52 USD

2013-02-09 * "Rose Flower" | "Eating out with Joe"
  Liabilities:US:Chase:Slate                        -32.95 USD
  Expenses:Food:Restaurant                           32.95 USD

2013-02-10 balance Liabilities:US:Chase:Slate            0 USD

2013-02-12 * "Chichipotle" | "Eating out with Natasha"
  Liabilities:US:Chase:Slate                        -15.73 USD
  Expenses:Food:Restaurant                           15.73 USD

2013-02-15 * "Cafe Modagor" | "Eating out with Joe"
  Liabilities:US:Chase:Slate                        -13.61 USD
  Expenses:Food:Restaurant                           13.61 USD

2013-02-16 * "Cafe Modagor" | "Eating out with Julie"
  Liabilities:US:Chase:Slate                        -40.20 USD
  Expenses:Food:Restaurant                           40.20 USD

2013-02-17 * "Corner Deli" | "Buying groceries"
  Liabilities:US:Chase:Slate                        -55.18 USD
  Expenses:Food:Groceries                            55.18 USD

2013-02-18 * "Kin Soy" | "Eating out with Natasha"
  Liabilities:US:Chase:Slate                        -25.19 USD
  Expenses:Food:Restaurant                           25.19 USD

2013-02-22 * "Uncle Boons" | "Eating out "
  Liabilities:US:Chase:Slate                        -60.08 USD
  Expenses:Food:Restaurant                           60.08 USD

2013-02-24 * "Onion Market" | "Buying groceries"
  Liabilities:US:Chase:Slate                        -73.20 USD
  Expenses:Food:Groceries                            73.20 USD

2013-02-25 * "Cafe Modagor" | "Eating out alone"
  Liabilities:US:Chase:Slate                        -31.70 USD
  Expenses:Food:Restaurant                           31.70 USD

2013-03-01 * "China Garden" | "Eating out "
  Liabilities:US:Chase:Slate                        -32.29 USD
  Expenses:Food:Restaurant                           32.29 USD

2013-03-04 * "Good Moods Market" | "Buying groceries"
  Liabilities:US:Chase:Slate                        -55.43 USD
  Expenses:Food:Groceries                            55.43 USD

2013-03-04 * "Metro Transport Authority" | "Tram tickets"
  Liabilities:US:Chase:Slate                       -120.00 USD
  Expenses:Transport:Tram                           120.00 USD

2013-03-05 * "China Garden" | "Eating out "
  Liabilities:US:Chase:Slate                        -20.44 USD
  Expenses:Food:Restaurant                           20.44 USD

2013-03-06 * "Rose Flower" | "Eating out with Julie"
  Liabilities:US:Chase:Slate                        -28.67 USD
  Expenses:Food:Restaurant                           28.67 USD

2013-03-07 * "Cafe Modagor" | "Eating out with Natasha"
  Liabilities:US:Chase:Slate                        -25.43 USD
  Expenses:Food:Restaurant                           25.43 USD

2013-03-09 * "Good Moods Market" | "Buying groceries"
  Liabilities:US:Chase:Slate                       -111.78 USD
  Expenses:Food:Groceries                           111.78 USD

2013-03-09 * "Chase:Slate" | "Paying off credit card"
  Liabilities:US:Chase:Slate                        708.93 USD
  Assets:US:BofA:Checking                          -708.93 USD

2013-03-11 * "Goba Goba" | "Eating out with work buddies"
  Liabilities:US:Chase:Slate                        -71.20 USD
  Expenses:Food:Restaurant                           71.20 USD

2013-03-12 balance Liabilities:US:Chase:Slate       -71.20 USD

2013-03-13 * "Jewel of Morroco" | "Eating out with Bill"
  Liabilities:US:Chase:Slate                        -18.03 USD
  Expenses:Food:Restaurant                           18.03 USD

2013-03-16 * "Goba Goba" | "Eating out "
  Liabilities:US:Chase:Slate                        -17.66 USD
  Expenses:Food:Restaurant                           17.66 USD

2013-03-18 * "Chichipotle" | "Eating out after work"
  Liabilities:US:Chase:Slate                        -30.58 USD
  Expenses:Food:Restaurant                           30.58 USD

2013-03-22 * "Kin Soy" | "Eating out "
  Liabilities:US:Chase:Slate                        -27.16 USD
  Expenses:Food:Restaurant                           27.16 USD

2013-03-23 * "Onion Market" | "Buying groceries"
  Liabilities:US:Chase:Slate                        -74.78 USD
  Expenses:Food:Groceries                            74.78 USD

2013-03-24 * "Rose Flower" | "Eating out with Julie"
  Liabilities:US:Chase:Slate                        -31.96 USD
  Expenses:Food:Restaurant                           31.96 USD

2013-03-25 * "Goba Goba" | "Eating out with Julie"
  Liabilities:US:Chase:Slate                        -45.00 USD
  Expenses:Food:Restaurant                           45.00 USD

2013-03-30 * "Uncle Boons" | "Eating out after work"
  Liabilities:US:Chase:Slate                        -25.71 USD
  Expenses:Food:Restaurant                           25.71 USD

2013-04-02 * "Onion Market" | "Buying groceries"
  Liabilities:US:Chase:Slate                        -73.02 USD
  Expenses:Food:Groceries                            73.02 USD

2013-04-03 * "Jewel of Morroco" | "Eating out "
  Liabilities:US:Chase:Slate                        -27.73 USD
  Expenses:Food:Restaurant                           27.73 USD

2013-04-04 * "Metro Transport Authority" | "Tram tickets"
  Liabilities:US:Chase:Slate                       -120.00 USD
  Expenses:Transport:Tram                           120.00 USD

2013-04-07 * "Uncle Boons" | "Eating out with Joe"
  Liabilities:US:Chase:Slate                        -21.67 USD
  Expenses:Food:Restaurant                           21.67 USD

2013-04-07 * "Chase:Slate" | "Paying off credit card"
  Liabilities:US:Chase:Slate                        584.50 USD
  Assets:US:BofA:Checking                          -584.50 USD

2013-04-08 balance Liabilities:US:Chase:Slate            0 USD

2013-04-08 * "Rose Flower" | "Eating out with Bill"
  Liabilities:US:Chase:Slate                        -18.59 USD
  Expenses:Food:Restaurant                           18.59 USD

2013-04-09 * "Jewel of Morroco" | "Eating out with Julie"
  Liabilities:US:Chase:Slate                        -56.00 USD
  Expenses:Food:Restaurant                           56.00 USD

2013-04-13 * "Cafe Modagor" | "Eating out after work"
  Liabilities:US:Chase:Slate                        -17.39 USD
  Expenses:Food:Restaurant                           17.39 USD

2013-04-16 * "Rose Flower" | "Eating out with Joe"
  Liabilities:US:Chase:Slate                        -37.93 USD
  Expenses:Food:Restaurant                           37.93 USD

2013-04-18 * "China Garden" | "Eating out with Julie"
  Liabilities:US:Chase:Slate                        -26.73 USD
  Expenses:Food:Restaurant                           26.73 USD

2013-04-20 * "Uncle Boons" | "Eating out alone"
  Liabilities:US:Chase:Slate                        -15.84 USD
  Expenses:Food:Restaurant                           15.84 USD

2013-04-22 * "Corner Deli" | "Buying groceries"
  Liabilities:US:Chase:Slate                        -97.47 USD
  Expenses:Food:Groceries                            97.47 USD

2013-04-23 * "Rose Flower" | "Eating out with work buddies"
  Liabilities:US:Chase:Slate                        -27.22 USD
  Expenses:Food:Restaurant                           27.22 USD

2013-04-28 * "Rose Flower" | "Eating out alone"
  Liabilities:US:Chase:Slate                        -17.28 USD
  Expenses:Food:Restaurant                           17.28 USD

2013-05-02 * "Kin Soy" | "Eating out with Natasha"
  Liabilities:US:Chase:Slate                        -29.08 USD
  Expenses:Food:Restaurant                           29.08 USD

2013-05-03 balance Liabilities:US:Chase:Slate      -343.53 USD

2013-05-04 * "Cafe Modagor" | "Eating out alone"
  Liabilities:US:Chase:Slate                        -14.31 USD
  Expenses:Food:Restaurant                           14.31 USD

2013-05-06 * "Metro Transport Authority" | "Tram tickets"
  Liabilities:US:Chase:Slate                       -120.00 USD
  Expenses:Transport:Tram                           120.00 USD

2013-05-09 * "Goba Goba" | "Eating out with Julie"
  Liabilities:US:Chase:Slate                        -84.76 USD
  Expenses:Food:Restaurant                           84.76 USD

2013-05-09 * "Corner Deli" | "Buying groceries"
  Liabilities:US:Chase:Slate                        -69.51 USD
  Expenses:Food:Groceries                            69.51 USD

2013-05-09 * "Chase:Slate" | "Paying off credit card"
  Liabilities:US:Chase:Slate                        562.60 USD
  Assets:US:BofA:Checking                          -562.60 USD

2013-05-13 * "Cafe Modagor" | "Eating out with work buddies"
  Liabilities:US:Chase:Slate                        -23.66 USD
  Expenses:Food:Restaurant                           23.66 USD

2013-05-18 * "Chichipotle" | "Eating out "
  Liabilities:US:Chase:Slate                        -31.09 USD
  Expenses:Food:Restaurant                           31.09 USD

2013-05-21 * "Good Moods Market" | "Buying groceries"
  Liabilities:US:Chase:Slate                       -114.09 USD
  Expenses:Food:Groceries                           114.09 USD

2013-05-23 * "Cafe Modagor" | "Eating out with Natasha"
  Liabilities:US:Chase:Slate                        -34.11 USD
  Expenses:Food:Restaurant                           34.11 USD

2013-05-25 * "Rose Flower" | "Eating out alone"
  Liabilities:US:Chase:Slate                        -37.22 USD
  Expenses:Food:Restaurant                           37.22 USD

2013-05-26 * "China Garden" | "Eating out with Julie"
  Liabilities:US:Chase:Slate                        -14.29 USD
  Expenses:Food:Restaurant                           14.29 USD

2013-05-31 balance Liabilities:US:Chase:Slate      -323.97 USD

2013-05-31 * "Cafe Modagor" | "Eating out with work buddies"
  Liabilities:US:Chase:Slate                        -34.63 USD
  Expenses:Food:Restaurant                           34.63 USD

2013-06-03 * "Goba Goba" | "Eating out with Bill"
  Liabilities:US:Chase:Slate                        -18.22 USD
  Expenses:Food:Restaurant                           18.22 USD

2013-06-04 * "Rose Flower" | "Eating out with Bill"
  Liabilities:US:Chase:Slate                        -31.70 USD
  Expenses:Food:Restaurant                           31.70 USD

2013-06-07 * "Onion Market" | "Buying groceries"
  Liabilities:US:Chase:Slate                       -107.33 USD
  Expenses:Food:Groceries                           107.33 USD

2013-06-08 * "Goba Goba" | "Eating out with Julie"
  Liabilities:US:Chase:Slate                        -22.42 USD
  Expenses:Food:Restaurant                           22.42 USD

2013-06-08 * "Metro Transport Authority" | "Tram tickets"
  Liabilities:US:Chase:Slate                       -120.00 USD
  Expenses:Transport:Tram                           120.00 USD

2013-06-10 * "Chase:Slate" | "Paying off credit card"
  Liabilities:US:Chase:Slate                        693.44 USD
  Assets:US:BofA:Checking                          -693.44 USD

2013-06-12 * "Kin Soy" | "Eating out with Bill"
  Liabilities:US:Chase:Slate                        -35.17 USD
  Expenses:Food:Restaurant                           35.17 USD

2013-06-14 * "Goba Goba" | "Eating out "
  Liabilities:US:Chase:Slate                        -39.68 USD
  Expenses:Food:Restaurant                           39.68 USD

2013-06-15 * "China Garden" | "Eating out "
  Liabilities:US:Chase:Slate                        -32.59 USD
  Expenses:Food:Restaurant                           32.59 USD

2013-06-19 * "Chichipotle" | "Eating out after work"
  Liabilities:US:Chase:Slate                        -31.42 USD
  Expenses:Food:Restaurant                           31.42 USD

2013-06-20 * "China Garden" | "Eating out with work buddies"
  Liabilities:US:Chase:Slate                        -19.65 USD
  Expenses:Food:Restaurant                           19.65 USD

2013-06-23 * "Farmer Fresh" | "Buying groceries"
  Liabilities:US:Chase:Slate                        -54.63 USD
  Expenses:Food:Groceries                            54.63 USD

2013-06-24 * "Kin Soy" | "Eating out after work"
  Liabilities:US:Chase:Slate                        -44.31 USD
  Expenses:Food:Restaurant                           44.31 USD

2013-06-26 balance Liabilities:US:Chase:Slate      -222.28 USD

2013-06-28 * "Uncle Boons" | "Eating out after work"
  Liabilities:US:Chase:Slate                        -42.33 USD
  Expenses:Food:Restaurant                           42.33 USD

2013-06-30 * "Rose Flower" | "Eating out with Bill"
  Liabilities:US:Chase:Slate                        -24.30 USD
  Expenses:Food:Restaurant                           24.30 USD

2013-06-30 * "Good Moods Market" | "Buying groceries"
  Liabilities:US:Chase:Slate                        -83.21 USD
  Expenses:Food:Groceries                            83.21 USD

2013-07-03 * "Rose Flower" | "Eating out after work"
  Liabilities:US:Chase:Slate                        -17.29 USD
  Expenses:Food:Restaurant                           17.29 USD

2013-07-07 * "Goba Goba" | "Eating out after work"
  Liabilities:US:Chase:Slate                        -28.78 USD
  Expenses:Food:Restaurant                           28.78 USD

2013-07-08 * "Farmer Fresh" | "Buying groceries"
  Liabilities:US:Chase:Slate                        -92.12 USD
  Expenses:Food:Groceries                            92.12 USD

2013-07-08 * "Metro Transport Authority" | "Tram tickets"
  Liabilities:US:Chase:Slate                       -120.00 USD
  Expenses:Transport:Tram                           120.00 USD

2013-07-09 * "Chase:Slate" | "Paying off credit card"
  Liabilities:US:Chase:Slate                        656.44 USD
  Assets:US:BofA:Checking                          -656.44 USD

2013-07-11 * "Chichipotle" | "Eating out with Joe"
  Liabilities:US:Chase:Slate                        -26.13 USD
  Expenses:Food:Restaurant                           26.13 USD

2013-07-16 balance Liabilities:US:Chase:Slate            0 USD

2013-07-16 * "Goba Goba" | "Eating out with Joe"
  Liabilities:US:Chase:Slate                        -49.27 USD
  Expenses:Food:Restaurant                           49.27 USD

2013-07-21 * "Cafe Modagor" | "Eating out after work"
  Liabilities:US:Chase:Slate                        -31.11 USD
  Expenses:Food:Restaurant                           31.11 USD

2013-07-23 * "Goba Goba" | "Eating out with Natasha"
  Liabilities:US:Chase:Slate                        -38.77 USD
  Expenses:Food:Restaurant                           38.77 USD

2013-07-26 * "Good Moods Market" | "Buying groceries"
  Liabilities:US:Chase:Slate                        -55.88 USD
  Expenses:Food:Groceries                            55.88 USD

2013-07-27 * "Chichipotle" | "Eating out with Bill"
  Liabilities:US:Chase:Slate                        -62.86 USD
  Expenses:Food:Restaurant                           62.86 USD

2013-08-01 * "Rose Flower" | "Eating out with Joe"
  Liabilities:US:Chase:Slate                        -32.99 USD
  Expenses:Food:Restaurant                           32.99 USD

2013-08-03 * "Good Moods Market" | "Buying groceries"
  Liabilities:US:Chase:Slate                        -61.71 USD
  Expenses:Food:Groceries                            61.71 USD

2013-08-05 balance Liabilities:US:Chase:Slate      -332.59 USD

2013-08-05 * "Chichipotle" | "Eating out with Julie"
  Liabilities:US:Chase:Slate                        -20.04 USD
  Expenses:Food:Restaurant                           20.04 USD

2013-08-08 * "Metro Transport Authority" | "Tram tickets"
  Liabilities:US:Chase:Slate                       -120.00 USD
  Expenses:Transport:Tram                           120.00 USD

2013-08-09 * "Chase:Slate" | "Paying off credit card"
  Liabilities:US:Chase:Slate                        493.16 USD
  Assets:US:BofA:Checking                          -493.16 USD

2013-08-10 * "China Garden" | "Eating out with work buddies"
  Liabilities:US:Chase:Slate                        -20.53 USD
  Expenses:Food:Restaurant                           20.53 USD

2013-08-10 * "Farmer Fresh" | "Buying groceries"
  Liabilities:US:Chase:Slate                       -100.89 USD
  Expenses:Food:Groceries                           100.89 USD

2013-08-14 * "Rose Flower" | "Eating out with work buddies"
  Liabilities:US:Chase:Slate                        -30.90 USD
  Expenses:Food:Restaurant                           30.90 USD

2013-08-15 * "China Garden" | "Eating out "
  Liabilities:US:Chase:Slate                        -26.87 USD
  Expenses:Food:Restaurant                           26.87 USD

2013-08-16 * "Kin Soy" | "Eating out after work"
  Liabilities:US:Chase:Slate                        -38.70 USD
  Expenses:Food:Restaurant                           38.70 USD

2013-08-20 * "Kin Soy" | "Eating out after work"
  Liabilities:US:Chase:Slate                        -18.82 USD
  Expenses:Food:Restaurant                           18.82 USD

2013-08-22 * "Rose Flower" | "Eating out with Bill"
  Liabilities:US:Chase:Slate                        -18.82 USD
  Expenses:Food:Restaurant                           18.82 USD

2013-08-25 * "Chichipotle" | "Eating out alone"
  Liabilities:US:Chase:Slate                        -23.27 USD
  Expenses:Food:Restaurant                           23.27 USD

2013-08-26 * "Farmer Fresh" | "Buying groceries"
  Liabilities:US:Chase:Slate                        -81.54 USD
  Expenses:Food:Groceries                            81.54 USD

2013-08-30 * "Rose Flower" | "Eating out "
  Liabilities:US:Chase:Slate                        -28.31 USD
  Expenses:Food:Restaurant                           28.31 USD

2013-09-01 * "Kin Soy" | "Eating out with Natasha"
  Liabilities:US:Chase:Slate                        -42.10 USD
  Expenses:Food:Restaurant                           42.10 USD

2013-09-02 balance Liabilities:US:Chase:Slate      -410.22 USD

2013-09-06 * "Goba Goba" | "Eating out with Natasha"
  Liabilities:US:Chase:Slate                        -45.68 USD
  Expenses:Food:Restaurant                           45.68 USD

2013-09-07 * "Chase:Slate" | "Paying off credit card"
  Liabilities:US:Chase:Slate                        533.47 USD
  Assets:US:BofA:Checking                          -533.47 USD

2013-09-08 * "Jewel of Morroco" | "Eating out alone"
  Liabilities:US:Chase:Slate                        -77.57 USD
  Expenses:Food:Restaurant                           77.57 USD

2013-09-09 * "Farmer Fresh" | "Buying groceries"
  Liabilities:US:Chase:Slate                        -54.79 USD
  Expenses:Food:Groceries                            54.79 USD

2013-09-09 * "Metro Transport Authority" | "Tram tickets"
  Liabilities:US:Chase:Slate                       -120.00 USD
  Expenses:Transport:Tram                           120.00 USD

2013-09-11 * "China Garden" | "Eating out after work"
  Liabilities:US:Chase:Slate                        -24.42 USD
  Expenses:Food:Restaurant                           24.42 USD

2013-09-13 * "Rose Flower" | "Eating out with Bill"
  Liabilities:US:Chase:Slate                        -38.58 USD
  Expenses:Food:Restaurant                           38.58 USD

2013-09-18 * "Jewel of Morroco" | "Eating out with Julie"
  Liabilities:US:Chase:Slate                        -25.81 USD
  Expenses:Food:Restaurant                           25.81 USD

2013-09-19 * "Chichipotle" | "Eating out with Joe"
  Liabilities:US:Chase:Slate                        -22.34 USD
  Expenses:Food:Restaurant                           22.34 USD

2013-09-21 * "Jewel of Morroco" | "Eating out with Natasha"
  Liabilities:US:Chase:Slate                        -32.04 USD
  Expenses:Food:Restaurant                           32.04 USD

2013-09-22 balance Liabilities:US:Chase:Slate      -317.98 USD

2013-09-25 * "Good Moods Market" | "Buying groceries"
  Liabilities:US:Chase:Slate                        -80.20 USD
  Expenses:Food:Groceries                            80.20 USD

2013-09-26 * "Cafe Modagor" | "Eating out with Julie"
  Liabilities:US:Chase:Slate                        -26.06 USD
  Expenses:Food:Restaurant                           26.06 USD

2013-09-28 * "Jewel of Morroco" | "Eating out with work buddies"
  Liabilities:US:Chase:Slate                        -28.70 USD
  Expenses:Food:Restaurant                           28.70 USD

2013-10-01 * "China Garden" | "Eating out with Natasha"
  Liabilities:US:Chase:Slate                        -25.05 USD
  Expenses:Food:Restaurant                           25.05 USD

2013-10-04 * "Jewel of Morroco" | "Eating out alone"
  Liabilities:US:Chase:Slate                        -14.46 USD
  Expenses:Food:Restaurant                           14.46 USD

2013-10-05 * "Goba Goba" | "Eating out with work buddies"
  Liabilities:US:Chase:Slate                        -32.80 USD
  Expenses:Food:Restaurant                           32.80 USD

2013-10-08 * "Goba Goba" | "Eating out with Joe"
  Liabilities:US:Chase:Slate                        -43.52 USD
  Expenses:Food:Restaurant                           43.52 USD

2013-10-08 * "Good Moods Market" | "Buying groceries"
  Liabilities:US:Chase:Slate                       -113.81 USD
  Expenses:Food:Groceries                           113.81 USD

2013-10-08 * "Metro Transport Authority" | "Tram tickets"
  Liabilities:US:Chase:Slate                       -120.00 USD
  Expenses:Transport:Tram                           120.00 USD

2013-10-09 * "Cafe Modagor" | "Eating out with Julie"
  Liabilities:US:Chase:Slate                        -32.18 USD
  Expenses:Food:Restaurant                           32.18 USD

2013-10-09 * "Chase:Slate" | "Paying off credit card"
  Liabilities:US:Chase:Slate                        834.76 USD
  Assets:US:BofA:Checking                          -834.76 USD

2013-10-10 * "Rose Flower" | "Eating out after work"
  Liabilities:US:Chase:Slate                        -37.59 USD
  Expenses:Food:Restaurant                           37.59 USD

2013-10-14 balance Liabilities:US:Chase:Slate       -37.59 USD

2013-10-14 * "Goba Goba" | "Eating out alone"
  Liabilities:US:Chase:Slate                        -38.68 USD
  Expenses:Food:Restaurant                           38.68 USD

2013-10-17 * "Chichipotle" | "Eating out with Joe"
  Liabilities:US:Chase:Slate                        -30.29 USD
  Expenses:Food:Restaurant                           30.29 USD

2013-10-18 * "Good Moods Market" | "Buying groceries"
  Liabilities:US:Chase:Slate                        -57.01 USD
  Expenses:Food:Groceries                            57.01 USD

2013-10-22 * "Jewel of Morroco" | "Eating out with Bill"
  Liabilities:US:Chase:Slate                        -14.70 USD
  Expenses:Food:Restaurant                           14.70 USD

2013-10-25 * "Kin Soy" | "Eating out with work buddies"
  Liabilities:US:Chase:Slate                        -21.07 USD
  Expenses:Food:Restaurant                           21.07 USD

2013-10-28 * "Chichipotle" | "Eating out with Bill"
  Liabilities:US:Chase:Slate                        -36.16 USD
  Expenses:Food:Restaurant                           36.16 USD

2013-10-31 * "Corner Deli" | "Buying groceries"
  Liabilities:US:Chase:Slate                        -97.95 USD
  Expenses:Food:Groceries                            97.95 USD

2013-11-01 * "Goba Goba" | "Eating out with Joe"
  Liabilities:US:Chase:Slate                        -31.17 USD
  Expenses:Food:Restaurant                           31.17 USD

2013-11-04 * "Chichipotle" | "Eating out with Bill"
  Liabilities:US:Chase:Slate                        -36.28 USD
  Expenses:Food:Restaurant                           36.28 USD

2013-11-07 * "Cafe Modagor" | "Eating out with Natasha"
  Liabilities:US:Chase:Slate                        -16.43 USD
  Expenses:Food:Restaurant                           16.43 USD

2013-11-07 * "Chase:Slate" | "Paying off credit card"
  Liabilities:US:Chase:Slate                        417.33 USD
  Assets:US:BofA:Checking                          -417.33 USD

2013-11-10 * "Metro Transport Authority" | "Tram tickets"
  Liabilities:US:Chase:Slate                       -120.00 USD
  Expenses:Transport:Tram                           120.00 USD

2013-11-11 balance Liabilities:US:Chase:Slate      -120.00 USD

2013-11-11 * "Jewel of Morroco" | "Eating out after work"
  Liabilities:US:Chase:Slate                        -35.70 USD
  Expenses:Food:Restaurant                           35.70 USD

2013-11-12 * "Kin Soy" | "Eating out with Joe"
  Liabilities:US:Chase:Slate                        -23.31 USD
  Expenses:Food:Restaurant                           23.31 USD

2013-11-15 * "Farmer Fresh" | "Buying groceries"
  Liabilities:US:Chase:Slate                        -55.39 USD
  Expenses:Food:Groceries                            55.39 USD

2013-11-16 * "Rose Flower" | "Eating out with Bill"
  Liabilities:US:Chase:Slate                        -41.97 USD
  Expenses:Food:Restaurant                           41.97 USD

2013-11-19 * "Uncle Boons" | "Eating out with work buddies"
  Liabilities:US:Chase:Slate                        -26.76 USD
  Expenses:Food:Restaurant                           26.76 USD

2013-11-24 * "Rose Flower" | "Eating out "
  Liabilities:US:Chase:Slate                        -46.79 USD
  Expenses:Food:Restaurant                           46.79 USD

2013-11-24 * "Onion Market" | "Buying groceries"
  Liabilities:US:Chase:Slate                        -87.33 USD
  Expenses:Food:Groceries                            87.33 USD

2013-11-27 * "Cafe Modagor" | "Eating out with Natasha"
  Liabilities:US:Chase:Slate                        -21.11 USD
  Expenses:Food:Restaurant                           21.11 USD

2013-11-28 * "Rose Flower" | "Eating out after work"
  Liabilities:US:Chase:Slate                        -26.45 USD
  Expenses:Food:Restaurant                           26.45 USD

2013-12-02 balance Liabilities:US:Chase:Slate      -484.81 USD

2013-12-02 * "Chichipotle" | "Eating out with Natasha"
  Liabilities:US:Chase:Slate                        -66.52 USD
  Expenses:Food:Restaurant                           66.52 USD

2013-12-03 * "Rose Flower" | "Eating out with Natasha"
  Liabilities:US:Chase:Slate                        -31.27 USD
  Expenses:Food:Restaurant                           31.27 USD

2013-12-04 * "Uncle Boons" | "Eating out with Joe"
  Liabilities:US:Chase:Slate                        -29.39 USD
  Expenses:Food:Restaurant                           29.39 USD

2013-12-05 * "Goba Goba" | "Eating out with Bill"
  Liabilities:US:Chase:Slate                        -27.10 USD
  Expenses:Food:Restaurant                           27.10 USD

2013-12-06 * "Corner Deli" | "Buying groceries"
  Liabilities:US:Chase:Slate                        -71.63 USD
  Expenses:Food:Groceries                            71.63 USD

2013-12-07 * "China Garden" | "Eating out with Joe"
  Liabilities:US:Chase:Slate                        -37.80 USD
  Expenses:Food:Restaurant                           37.80 USD

2013-12-09 * "Metro Transport Authority" | "Tram tickets"
  Liabilities:US:Chase:Slate                       -120.00 USD
  Expenses:Transport:Tram                           120.00 USD

2013-12-09 * "Chase:Slate" | "Paying off credit card"
  Liabilities:US:Chase:Slate                        868.52 USD
  Assets:US:BofA:Checking                          -868.52 USD

2013-12-11 * "Uncle Boons" | "Eating out after work"
  Liabilities:US:Chase:Slate                        -27.37 USD
  Expenses:Food:Restaurant                           27.37 USD

2013-12-13 * "Jewel of Morroco" | "Eating out "
  Liabilities:US:Chase:Slate                        -49.49 USD
  Expenses:Food:Restaurant                           49.49 USD

2013-12-16 * "Rose Flower" | "Eating out with Bill"
  Liabilities:US:Chase:Slate                        -40.65 USD
  Expenses:Food:Restaurant                           40.65 USD

2013-12-21 * "Goba Goba" | "Eating out with Joe"
  Liabilities:US:Chase:Slate                        -17.07 USD
  Expenses:Food:Restaurant                           17.07 USD

2013-12-22 * "Rose Flower" | "Eating out with Natasha"
  Liabilities:US:Chase:Slate                        -47.53 USD
  Expenses:Food:Restaurant                           47.53 USD

2013-12-23 * "Good Moods Market" | "Buying groceries"
  Liabilities:US:Chase:Slate                        -82.16 USD
  Expenses:Food:Groceries                            82.16 USD

2013-12-25 balance Liabilities:US:Chase:Slate      -264.27 USD

2013-12-27 * "Rose Flower" | "Eating out alone"
  Liabilities:US:Chase:Slate                        -42.56 USD
  Expenses:Food:Restaurant                           42.56 USD

2013-12-31 * "Goba Goba" | "Eating out after work"
  Liabilities:US:Chase:Slate                        -34.89 USD
  Expenses:Food:Restaurant                           34.89 USD

2014-01-05 * "Jewel of Morroco" | "Eating out after work"
  Liabilities:US:Chase:Slate                        -21.60 USD
  Expenses:Food:Restaurant                           21.60 USD

2014-01-05 * "Metro Transport Authority" | "Tram tickets"
  Liabilities:US:Chase:Slate                       -120.00 USD
  Expenses:Transport:Tram                           120.00 USD

2014-01-06 * "Jewel of Morroco" | "Eating out with Julie"
  Liabilities:US:Chase:Slate                        -27.57 USD
  Expenses:Food:Restaurant                           27.57 USD

2014-01-09 * "Corner Deli" | "Buying groceries"
  Liabilities:US:Chase:Slate                        -86.26 USD
  Expenses:Food:Groceries                            86.26 USD

2014-01-09 * "Chase:Slate" | "Paying off credit card"
  Liabilities:US:Chase:Slate                        597.15 USD
  Assets:US:BofA:Checking                          -597.15 USD

2014-01-10 * "Cafe Modagor" | "Eating out with work buddies"
  Liabilities:US:Chase:Slate                        -21.17 USD
  Expenses:Food:Restaurant                           21.17 USD

2014-01-13 * "Chichipotle" | "Eating out with Julie"
  Liabilities:US:Chase:Slate                        -45.95 USD
  Expenses:Food:Restaurant                           45.95 USD

2014-01-15 * "Corner Deli" | "Buying groceries"
  Liabilities:US:Chase:Slate                        -92.97 USD
  Expenses:Food:Groceries                            92.97 USD

2014-01-16 * "Cafe Modagor" | "Eating out with Joe"
  Liabilities:US:Chase:Slate                        -18.73 USD
  Expenses:Food:Restaurant                           18.73 USD

2014-01-18 * "Jewel of Morroco" | "Eating out with Natasha"
  Liabilities:US:Chase:Slate                        -19.65 USD
  Expenses:Food:Restaurant                           19.65 USD

2014-01-21 balance Liabilities:US:Chase:Slate      -198.47 USD

2014-01-22 * "Chichipotle" | "Eating out alone"
  Liabilities:US:Chase:Slate                        -32.71 USD
  Expenses:Food:Restaurant                           32.71 USD

2014-01-24 * "China Garden" | "Eating out with Bill"
  Liabilities:US:Chase:Slate                        -22.16 USD
  Expenses:Food:Restaurant                           22.16 USD

2014-01-27 * "Kin Soy" | "Eating out with work buddies"
  Liabilities:US:Chase:Slate                        -49.50 USD
  Expenses:Food:Restaurant                           49.50 USD

2014-01-29 * "Rose Flower" | "Eating out with work buddies"
  Liabilities:US:Chase:Slate                        -37.76 USD
  Expenses:Food:Restaurant                           37.76 USD

2014-02-02 * "Onion Market" | "Buying groceries"
  Liabilities:US:Chase:Slate                        -90.72 USD
  Expenses:Food:Groceries                            90.72 USD

2014-02-03 * "Jewel of Morroco" | "Eating out with Julie"
  Liabilities:US:Chase:Slate                        -25.81 USD
  Expenses:Food:Restaurant                           25.81 USD

2014-02-05 * "Metro Transport Authority" | "Tram tickets"
  Liabilities:US:Chase:Slate                       -120.00 USD
  Expenses:Transport:Tram                           120.00 USD

2014-02-06 * "Jewel of Morroco" | "Eating out "
  Liabilities:US:Chase:Slate                        -27.07 USD
  Expenses:Food:Restaurant                           27.07 USD

2014-02-07 * "Jewel of Morroco" | "Eating out with Bill"
  Liabilities:US:Chase:Slate                        -42.02 USD
  Expenses:Food:Restaurant                           42.02 USD

2014-02-08 * "Chase:Slate" | "Paying off credit card"
  Liabilities:US:Chase:Slate                        668.69 USD
  Assets:US:BofA:Checking                          -668.69 USD

2014-02-09 * "Goba Goba" | "Eating out "
  Liabilities:US:Chase:Slate                        -22.47 USD
  Expenses:Food:Restaurant                           22.47 USD

2014-02-12 event "location" "New York"

2014-02-13 * "Cafe Select" | "" #trip-new-york-2014
  Liabilities:US:Chase:Slate                        -38.44 USD
  Expenses:Food:Restaurant                           38.44 USD

2014-02-13 * "Takahachi" | "" #trip-new-york-2014
  Liabilities:US:Chase:Slate                        -50.54 USD
  Expenses:Food:Restaurant                           50.54 USD

2014-02-13 * "Laut" | "" #trip-new-york-2014
  Liabilities:US:Chase:Slate                        -36.68 USD
  Expenses:Food:Restaurant                           36.68 USD

2014-02-15 * "Laut" | "" #trip-new-york-2014
  Liabilities:US:Chase:Slate                        -35.14 USD
  Expenses:Food:Restaurant                           35.14 USD

2014-02-16 * "Takahachi" | "" #trip-new-york-2014
  Liabilities:US:Chase:Slate                        -54.91 USD
  Expenses:Food:Restaurant                           54.91 USD

2014-02-16 * "Laut" | "" #trip-new-york-2014
  Liabilities:US:Chase:Slate                        -30.46 USD
  Expenses:Food:Restaurant                           30.46 USD

2014-02-16 * "Gimme! Coffee" | "" #trip-new-york-2014
  Liabilities:US:Chase:Slate                         -8.52 USD
  Expenses:Food:Coffee                                8.52 USD

2014-02-17 * "Gimme! Coffee" | "" #trip-new-york-2014
  Liabilities:US:Chase:Slate                         -7.57 USD
  Expenses:Food:Coffee                                7.57 USD

2014-02-18 * "Takahachi" | "" #trip-new-york-2014
  Liabilities:US:Chase:Slate                        -47.65 USD
  Expenses:Food:Restaurant                           47.65 USD

2014-02-18 * "Gimme! Coffee" | "" #trip-new-york-2014
  Liabilities:US:Chase:Slate                         -9.05 USD
  Expenses:Food:Coffee                                9.05 USD

2014-02-19 * "Cafe Select" | "" #trip-new-york-2014
  Liabilities:US:Chase:Slate                        -33.48 USD
  Expenses:Food:Restaurant                           33.48 USD

2014-02-19 * "Laut" | "" #trip-new-york-2014
  Liabilities:US:Chase:Slate                        -37.99 USD
  Expenses:Food:Restaurant                           37.99 USD

2014-02-19 * "La Colombe" | "" #trip-new-york-2014
  Liabilities:US:Chase:Slate                         -7.32 USD
  Expenses:Food:Coffee                                7.32 USD

2014-02-19 * "Gimme! Coffee" | "" #trip-new-york-2014
  Liabilities:US:Chase:Slate                         -5.10 USD
  Expenses:Food:Coffee                                5.10 USD

2014-02-20 balance Liabilities:US:Chase:Slate      -402.85 USD

2014-02-20 * "Takahachi" | "" #trip-new-york-2014
  Liabilities:US:Chase:Slate                        -49.85 USD
  Expenses:Food:Restaurant                           49.85 USD

2014-02-20 * "La Colombe" | "" #trip-new-york-2014
  Liabilities:US:Chase:Slate                         -4.82 USD
  Expenses:Food:Coffee                                4.82 USD

2014-02-21 * "Uncle Boons" | "" #trip-new-york-2014
  Liabilities:US:Chase:Slate                        -44.96 USD
  Expenses:Food:Restaurant                           44.96 USD

2014-02-22 * "Takahachi" | "" #trip-new-york-2014
  Liabilities:US:Chase:Slate                        -38.36 USD
  Expenses:Food:Restaurant                           38.36 USD

2014-02-23 * "Laut" | "" #trip-new-york-2014
  Liabilities:US:Chase:Slate                        -38.14 USD
  Expenses:Food:Restaurant                           38.14 USD

2014-02-23 * "La Colombe" | "" #trip-new-york-2014
  Liabilities:US:Chase:Slate                         -7.43 USD
  Expenses:Food:Coffee                                7.43 USD

2014-02-25 * "Takahachi" | "" #trip-new-york-2014
  Liabilities:US:Chase:Slate                        -46.88 USD
  Expenses:Food:Restaurant                           46.88 USD

2014-02-25 * "Laut" | "" #trip-new-york-2014
  Liabilities:US:Chase:Slate                        -29.52 USD
  Expenses:Food:Restaurant                           29.52 USD

2014-02-26 * "Laut" | "" #trip-new-york-2014
  Liabilities:US:Chase:Slate                        -34.08 USD
  Expenses:Food:Restaurant                           34.08 USD

2014-02-27 * "La Colombe" | "" #trip-new-york-2014
  Liabilities:US:Chase:Slate                         -2.62 USD
  Expenses:Food:Coffee                                2.62 USD

2014-02-27 * "Gimme! Coffee" | "" #trip-new-york-2014
  Liabilities:US:Chase:Slate                         -8.55 USD
  Expenses:Food:Coffee                                8.55 USD

2014-02-28 * "Takahachi" | "" #trip-new-york-2014
  Liabilities:US:Chase:Slate                        -43.63 USD
  Expenses:Food:Restaurant                           43.63 USD

2014-03-01 * "Uncle Boons" | "" #trip-new-york-2014
  Liabilities:US:Chase:Slate                        -44.03 USD
  Expenses:Food:Restaurant                           44.03 USD

2014-03-01 * "Cafe Select" | "" #trip-new-york-2014
  Liabilities:US:Chase:Slate                        -31.11 USD
  Expenses:Food:Restaurant                           31.11 USD

2014-03-01 * "La Colombe" | "" #trip-new-york-2014
  Liabilities:US:Chase:Slate                         -7.13 USD
  Expenses:Food:Coffee                                7.13 USD

2014-03-03 * "China Garden" | "Eating out with Natasha"
  Liabilities:US:Chase:Slate                        -19.72 USD
  Expenses:Food:Restaurant                           19.72 USD

2014-03-03 * "Gimme! Coffee" | "" #trip-new-york-2014
  Liabilities:US:Chase:Slate                         -4.18 USD
  Expenses:Food:Coffee                                4.18 USD

2014-03-03 * "Consume vacation days"
  Assets:US:Hoogle:Vacation                           -152 VACHR
  Expenses:Vacation                                    152 VACHR

2014-03-03 event "location" "New Metropolis"

2014-03-07 * "Kin Soy" | "Eating out with Bill"
  Liabilities:US:Chase:Slate                        -22.22 USD
  Expenses:Food:Restaurant                           22.22 USD

2014-03-07 * "Good Moods Market" | "Buying groceries"
  Liabilities:US:Chase:Slate                        -39.85 USD
  Expenses:Food:Groceries                            39.85 USD

2014-03-09 * "Metro Transport Authority" | "Tram tickets"
  Liabilities:US:Chase:Slate                       -120.00 USD
  Expenses:Transport:Tram                           120.00 USD

2014-03-09 * "Chase:Slate" | "Paying off credit card"
  Liabilities:US:Chase:Slate                        201.79 USD
  Assets:US:BofA:Checking                          -201.79 USD

2014-03-12 * "Goba Goba" | "Eating out with Joe"
  Liabilities:US:Chase:Slate                        -42.19 USD
  Expenses:Food:Restaurant                           42.19 USD

2014-03-13 * "Farmer Fresh" | "Buying groceries"
  Liabilities:US:Chase:Slate                       -103.81 USD
  Expenses:Food:Groceries                           103.81 USD

2014-03-14 * "Kin Soy" | "Eating out "
  Liabilities:US:Chase:Slate                        -51.76 USD
  Expenses:Food:Restaurant                           51.76 USD

2014-03-18 * "Goba Goba" | "Eating out "
  Liabilities:US:Chase:Slate                        -20.16 USD
  Expenses:Food:Restaurant                           20.16 USD

2014-03-20 balance Liabilities:US:Chase:Slate     -1056.06 USD

2014-03-23 * "Jewel of Morroco" | "Eating out after work"
  Liabilities:US:Chase:Slate                        -18.25 USD
  Expenses:Food:Restaurant                           18.25 USD

2014-03-25 * "Cafe Modagor" | "Eating out with work buddies"
  Liabilities:US:Chase:Slate                        -30.26 USD
  Expenses:Food:Restaurant                           30.26 USD

2014-03-30 * "Uncle Boons" | "Eating out with Bill"
  Liabilities:US:Chase:Slate                        -29.43 USD
  Expenses:Food:Restaurant                           29.43 USD

2014-04-01 * "Goba Goba" | "Eating out "
  Liabilities:US:Chase:Slate                        -31.04 USD
  Expenses:Food:Restaurant                           31.04 USD

2014-04-01 * "Onion Market" | "Buying groceries"
  Liabilities:US:Chase:Slate                       -110.10 USD
  Expenses:Food:Groceries                           110.10 USD

2014-04-02 * "Jewel of Morroco" | "Eating out with Natasha"
  Liabilities:US:Chase:Slate                        -55.56 USD
  Expenses:Food:Restaurant                           55.56 USD

2014-04-05 * "Goba Goba" | "Eating out after work"
  Liabilities:US:Chase:Slate                        -28.07 USD
  Expenses:Food:Restaurant                           28.07 USD

2014-04-06 * "Kin Soy" | "Eating out with Joe"
  Liabilities:US:Chase:Slate                        -38.92 USD
  Expenses:Food:Restaurant                           38.92 USD

2014-04-07 * "Chichipotle" | "Eating out with Natasha"
  Liabilities:US:Chase:Slate                        -53.05 USD
  Expenses:Food:Restaurant                           53.05 USD

2014-04-08 * "Chase:Slate" | "Paying off credit card"
  Liabilities:US:Chase:Slate                        732.60 USD
  Assets:US:BofA:Checking                          -732.60 USD

2014-04-09 * "Metro Transport Authority" | "Tram tickets"
  Liabilities:US:Chase:Slate                       -120.00 USD
  Expenses:Transport:Tram                           120.00 USD

2014-04-11 * "Cafe Modagor" | "Eating out with Joe"
  Liabilities:US:Chase:Slate                        -41.75 USD
  Expenses:Food:Restaurant                           41.75 USD

2014-04-13 * "China Garden" | "Eating out after work"
  Liabilities:US:Chase:Slate                        -25.33 USD
  Expenses:Food:Restaurant                           25.33 USD

2014-04-14 * "China Garden" | "Eating out alone"
  Liabilities:US:Chase:Slate                        -15.06 USD
  Expenses:Food:Restaurant                           15.06 USD

2014-04-16 * "Uncle Boons" | "Eating out alone"
  Liabilities:US:Chase:Slate                        -41.52 USD
  Expenses:Food:Restaurant                           41.52 USD

2014-04-17 balance Liabilities:US:Chase:Slate      -961.80 USD

2014-04-19 * "Farmer Fresh" | "Buying groceries"
  Liabilities:US:Chase:Slate                        -71.10 USD
  Expenses:Food:Groceries                            71.10 USD

2014-04-21 * "Kin Soy" | "Eating out after work"
  Liabilities:US:Chase:Slate                        -26.15 USD
  Expenses:Food:Restaurant                           26.15 USD

2014-04-24 * "Uncle Boons" | "Eating out with Natasha"
  Liabilities:US:Chase:Slate                        -27.86 USD
  Expenses:Food:Restaurant                           27.86 USD

2014-04-24 * "Farmer Fresh" | "Buying groceries"
  Liabilities:US:Chase:Slate                        -88.59 USD
  Expenses:Food:Groceries                            88.59 USD

2014-04-28 * "Jewel of Morroco" | "Eating out "
  Liabilities:US:Chase:Slate                        -25.92 USD
  Expenses:Food:Restaurant                           25.92 USD

2014-05-03 * "Kin Soy" | "Eating out alone"
  Liabilities:US:Chase:Slate                        -19.83 USD
  Expenses:Food:Restaurant                           19.83 USD

2014-05-04 * "Good Moods Market" | "Buying groceries"
  Liabilities:US:Chase:Slate                        -60.90 USD
  Expenses:Food:Groceries                            60.90 USD

2014-05-07 * "Metro Transport Authority" | "Tram tickets"
  Liabilities:US:Chase:Slate                       -120.00 USD
  Expenses:Transport:Tram                           120.00 USD

2014-05-08 * "Rose Flower" | "Eating out with Natasha"
  Liabilities:US:Chase:Slate                        -25.28 USD
  Expenses:Food:Restaurant                           25.28 USD

2014-05-08 * "Chase:Slate" | "Paying off credit card"
  Liabilities:US:Chase:Slate                        589.29 USD
  Assets:US:BofA:Checking                          -589.29 USD

2014-05-12 * "Jewel of Morroco" | "Eating out with Joe"
  Liabilities:US:Chase:Slate                         -9.34 USD
  Expenses:Food:Restaurant                            9.34 USD

2014-05-15 balance Liabilities:US:Chase:Slate      -847.48 USD

2014-05-17 * "Kin Soy" | "Eating out after work"
  Liabilities:US:Chase:Slate                        -41.23 USD
  Expenses:Food:Restaurant                           41.23 USD

2014-05-17 * "Farmer Fresh" | "Buying groceries"
  Liabilities:US:Chase:Slate                        -64.62 USD
  Expenses:Food:Groceries                            64.62 USD

2014-05-19 * "Rose Flower" | "Eating out alone"
  Liabilities:US:Chase:Slate                        -26.52 USD
  Expenses:Food:Restaurant                           26.52 USD

2014-05-24 * "Cafe Modagor" | "Eating out "
  Liabilities:US:Chase:Slate                        -91.85 USD
  Expenses:Food:Restaurant                           91.85 USD

2014-05-26 * "Jewel of Morroco" | "Eating out with Natasha"
  Liabilities:US:Chase:Slate                        -49.67 USD
  Expenses:Food:Restaurant                           49.67 USD

2014-05-30 * "Farmer Fresh" | "Buying groceries"
  Liabilities:US:Chase:Slate                        -82.22 USD
  Expenses:Food:Groceries                            82.22 USD

2014-05-31 * "Jewel of Morroco" | "Eating out "
  Liabilities:US:Chase:Slate                        -22.37 USD
  Expenses:Food:Restaurant                           22.37 USD

2014-06-01 * "Uncle Boons" | "Eating out with Joe"
  Liabilities:US:Chase:Slate                        -27.91 USD
  Expenses:Food:Restaurant                           27.91 USD

2014-06-05 * "Metro Transport Authority" | "Tram tickets"
  Liabilities:US:Chase:Slate                       -120.00 USD
  Expenses:Transport:Tram                           120.00 USD

2014-06-06 * "Chichipotle" | "Eating out with Bill"
  Liabilities:US:Chase:Slate                        -25.36 USD
  Expenses:Food:Restaurant                           25.36 USD

2014-06-07 balance Liabilities:US:Chase:Slate     -1399.23 USD

2014-06-08 * "Chase:Slate" | "Paying off credit card"
  Liabilities:US:Chase:Slate                        591.57 USD
  Assets:US:BofA:Checking                          -591.57 USD

2014-06-11 * "Cafe Modagor" | "Eating out with work buddies"
  Liabilities:US:Chase:Slate                        -30.48 USD
  Expenses:Food:Restaurant                           30.48 USD

2014-06-12 * "Jewel of Morroco" | "Eating out with Julie"
  Liabilities:US:Chase:Slate                        -42.69 USD
  Expenses:Food:Restaurant                           42.69 USD

2014-06-17 * "Cafe Modagor" | "Eating out with Natasha"
  Liabilities:US:Chase:Slate                        -48.80 USD
  Expenses:Food:Restaurant                           48.80 USD

2014-06-19 * "Corner Deli" | "Buying groceries"
  Liabilities:US:Chase:Slate                        -78.29 USD
  Expenses:Food:Groceries                            78.29 USD

2014-06-21 * "Goba Goba" | "Eating out alone"
  Liabilities:US:Chase:Slate                        -28.87 USD
  Expenses:Food:Restaurant                           28.87 USD

2014-06-24 * "Kin Soy" | "Eating out "
  Liabilities:US:Chase:Slate                        -24.65 USD
  Expenses:Food:Restaurant                           24.65 USD

2014-06-26 * "Rose Flower" | "Eating out "
  Liabilities:US:Chase:Slate                        -18.92 USD
  Expenses:Food:Restaurant                           18.92 USD

2014-06-27 balance Liabilities:US:Chase:Slate     -1080.36 USD

2014-06-27 * "Kin Soy" | "Eating out alone"
  Liabilities:US:Chase:Slate                        -72.40 USD
  Expenses:Food:Restaurant                           72.40 USD

2014-06-29 * "Chichipotle" | "Eating out with work buddies"
  Liabilities:US:Chase:Slate                        -21.63 USD
  Expenses:Food:Restaurant                           21.63 USD

2014-07-02 * "Cafe Modagor" | "Eating out with Julie"
  Liabilities:US:Chase:Slate                        -39.15 USD
  Expenses:Food:Restaurant                           39.15 USD

2014-07-02 * "Onion Market" | "Buying groceries"
  Liabilities:US:Chase:Slate                        -93.86 USD
  Expenses:Food:Groceries                            93.86 USD

2014-07-03 * "Metro Transport Authority" | "Tram tickets"
  Liabilities:US:Chase:Slate                       -120.00 USD
  Expenses:Transport:Tram                           120.00 USD

2014-07-05 * "Goba Goba" | "Eating out "
  Liabilities:US:Chase:Slate                        -25.46 USD
  Expenses:Food:Restaurant                           25.46 USD

2014-07-08 * "Chase:Slate" | "Paying off credit card"
  Liabilities:US:Chase:Slate                        651.73 USD
  Assets:US:BofA:Checking                          -651.73 USD

2014-07-09 * "Goba Goba" | "Eating out alone"
  Liabilities:US:Chase:Slate                        -37.01 USD
  Expenses:Food:Restaurant                           37.01 USD

2014-07-10 * "Kin Soy" | "Eating out after work"
  Liabilities:US:Chase:Slate                        -82.18 USD
  Expenses:Food:Restaurant                           82.18 USD

2014-07-12 * "Jewel of Morroco" | "Eating out with Bill"
  Liabilities:US:Chase:Slate                        -30.89 USD
  Expenses:Food:Restaurant                           30.89 USD

2014-07-17 * "Chichipotle" | "Eating out with Joe"
  Liabilities:US:Chase:Slate                        -29.60 USD
  Expenses:Food:Restaurant                           29.60 USD

2014-07-19 * "Kin Soy" | "Eating out with Joe"
  Liabilities:US:Chase:Slate                        -29.36 USD
  Expenses:Food:Restaurant                           29.36 USD

2014-07-20 balance Liabilities:US:Chase:Slate     -1010.17 USD

2014-07-20 * "Kin Soy" | "Eating out with Natasha"
  Liabilities:US:Chase:Slate                        -20.07 USD
  Expenses:Food:Restaurant                           20.07 USD

2014-07-22 * "Good Moods Market" | "Buying groceries"
  Liabilities:US:Chase:Slate                       -119.92 USD
  Expenses:Food:Groceries                           119.92 USD

2014-07-25 * "China Garden" | "Eating out "
  Liabilities:US:Chase:Slate                        -25.92 USD
  Expenses:Food:Restaurant                           25.92 USD

2014-07-27 * "Chichipotle" | "Eating out alone"
  Liabilities:US:Chase:Slate                        -17.67 USD
  Expenses:Food:Restaurant                           17.67 USD

2014-07-31 * "Cafe Modagor" | "Eating out with Bill"
  Liabilities:US:Chase:Slate                        -49.43 USD
  Expenses:Food:Restaurant                           49.43 USD

2014-08-02 * "Chichipotle" | "Eating out with Julie"
  Liabilities:US:Chase:Slate                        -61.13 USD
  Expenses:Food:Restaurant                           61.13 USD

2014-08-03 * "Metro Transport Authority" | "Tram tickets"
  Liabilities:US:Chase:Slate                       -120.00 USD
  Expenses:Transport:Tram                           120.00 USD

2014-08-05 * "Kin Soy" | "Eating out with Joe"
  Liabilities:US:Chase:Slate                        -48.07 USD
  Expenses:Food:Restaurant                           48.07 USD

2014-08-07 * "Jewel of Morroco" | "Eating out with Natasha"
  Liabilities:US:Chase:Slate                        -37.73 USD
  Expenses:Food:Restaurant                           37.73 USD

2014-08-08 * "Kin Soy" | "Eating out alone"
  Liabilities:US:Chase:Slate                        -39.32 USD
  Expenses:Food:Restaurant                           39.32 USD

2014-08-09 * "Onion Market" | "Buying groceries"
  Liabilities:US:Chase:Slate                        -59.38 USD
  Expenses:Food:Groceries                            59.38 USD

2014-08-10 * "Chase:Slate" | "Paying off credit card"
  Liabilities:US:Chase:Slate                        809.58 USD
  Assets:US:BofA:Checking                          -809.58 USD

2014-08-13 * "Kin Soy" | "Eating out with Joe"
  Liabilities:US:Chase:Slate                        -38.91 USD
  Expenses:Food:Restaurant                           38.91 USD

2014-08-14 * "Onion Market" | "Buying groceries"
  Liabilities:US:Chase:Slate                        -76.70 USD
  Expenses:Food:Groceries                            76.70 USD

2014-08-16 balance Liabilities:US:Chase:Slate      -914.84 USD

2014-08-18 * "Chichipotle" | "Eating out with work buddies"
  Liabilities:US:Chase:Slate                        -50.41 USD
  Expenses:Food:Restaurant                           50.41 USD

2014-08-19 * "Jewel of Morroco" | "Eating out alone"
  Liabilities:US:Chase:Slate                        -32.83 USD
  Expenses:Food:Restaurant                           32.83 USD

2014-08-19 * "Corner Deli" | "Buying groceries"
  Liabilities:US:Chase:Slate                        -78.65 USD
  Expenses:Food:Groceries                            78.65 USD

2014-08-24 * "Uncle Boons" | "Eating out with Natasha"
  Liabilities:US:Chase:Slate                        -44.10 USD
  Expenses:Food:Restaurant                           44.10 USD

2014-08-25 * "Chichipotle" | "Eating out with Natasha"
  Liabilities:US:Chase:Slate                        -15.76 USD
  Expenses:Food:Restaurant                           15.76 USD

2014-08-30 * "Cafe Modagor" | "Eating out alone"
  Liabilities:US:Chase:Slate                        -29.38 USD
  Expenses:Food:Restaurant                           29.38 USD

2014-09-03 * "Metro Transport Authority" | "Tram tickets"
  Liabilities:US:Chase:Slate                       -120.00 USD
  Expenses:Transport:Tram                           120.00 USD

2014-09-04 * "Uncle Boons" | "Eating out with work buddies"
  Liabilities:US:Chase:Slate                        -18.85 USD
  Expenses:Food:Restaurant                           18.85 USD

2014-09-05 balance Liabilities:US:Chase:Slate     -1304.82 USD

2014-09-07 * "Chase:Slate" | "Paying off credit card"
  Liabilities:US:Chase:Slate                        487.24 USD
  Assets:US:BofA:Checking                          -487.24 USD

2014-09-08 * "Kin Soy" | "Eating out with Joe"
  Liabilities:US:Chase:Slate                        -20.56 USD
  Expenses:Food:Restaurant                           20.56 USD

2014-09-08 * "Farmer Fresh" | "Buying groceries"
  Liabilities:US:Chase:Slate                        -81.96 USD
  Expenses:Food:Groceries                            81.96 USD

2014-09-11 * "Rose Flower" | "Eating out with work buddies"
  Liabilities:US:Chase:Slate                        -30.33 USD
  Expenses:Food:Restaurant                           30.33 USD

2014-09-14 * "Uncle Boons" | "Eating out with Natasha"
  Liabilities:US:Chase:Slate                        -15.89 USD
  Expenses:Food:Restaurant                           15.89 USD

2014-09-18 * "Corner Deli" | "Buying groceries"
  Liabilities:US:Chase:Slate                       -140.33 USD
  Expenses:Food:Groceries                           140.33 USD

2014-09-19 * "Kin Soy" | "Eating out with Bill"
  Liabilities:US:Chase:Slate                        -40.70 USD
  Expenses:Food:Restaurant                           40.70 USD

2014-09-21 * "China Garden" | "Eating out with Bill"
  Liabilities:US:Chase:Slate                        -25.07 USD
  Expenses:Food:Restaurant                           25.07 USD

2014-09-24 * "Goba Goba" | "Eating out with work buddies"
  Liabilities:US:Chase:Slate                        -20.32 USD
  Expenses:Food:Restaurant                           20.32 USD

2014-09-27 balance Liabilities:US:Chase:Slate     -1192.74 USD

2014-09-29 * "China Garden" | "Eating out with work buddies"
  Liabilities:US:Chase:Slate                        -49.29 USD
  Expenses:Food:Restaurant                           49.29 USD

2014-09-29 * "Good Moods Market" | "Buying groceries"
  Liabilities:US:Chase:Slate                        -72.92 USD
  Expenses:Food:Groceries                            72.92 USD

2014-10-02 * "Kin Soy" | "Eating out after work"
  Liabilities:US:Chase:Slate                        -25.49 USD
  Expenses:Food:Restaurant                           25.49 USD

2014-10-05 * "Metro Transport Authority" | "Tram tickets"
  Liabilities:US:Chase:Slate                       -120.00 USD
  Expenses:Transport:Tram                           120.00 USD

2014-10-06 * "Cafe Modagor" | "Eating out with Natasha"
  Liabilities:US:Chase:Slate                        -16.88 USD
  Expenses:Food:Restaurant                           16.88 USD

2014-10-11 * "Uncle Boons" | "Eating out with Joe"
  Liabilities:US:Chase:Slate                        -22.25 USD
  Expenses:Food:Restaurant                           22.25 USD

2014-10-11 * "Chase:Slate" | "Paying off credit card"
  Liabilities:US:Chase:Slate                        661.43 USD
  Assets:US:BofA:Checking                          -661.43 USD

2014-10-12 * "Cafe Modagor" | "Eating out after work"
  Liabilities:US:Chase:Slate                        -57.20 USD
  Expenses:Food:Restaurant                           57.20 USD

2014-10-15 * "Goba Goba" | "Eating out with work buddies"
  Liabilities:US:Chase:Slate                        -15.16 USD
  Expenses:Food:Restaurant                           15.16 USD

2014-10-17 balance Liabilities:US:Chase:Slate      -910.50 USD

2014-10-18 * "Good Moods Market" | "Buying groceries"
  Liabilities:US:Chase:Slate                        -79.33 USD
  Expenses:Food:Groceries                            79.33 USD

2014-10-20 * "Kin Soy" | "Eating out with work buddies"
  Liabilities:US:Chase:Slate                        -18.10 USD
  Expenses:Food:Restaurant                           18.10 USD

2014-10-23 * "Cafe Modagor" | "Eating out alone"
  Liabilities:US:Chase:Slate                        -55.28 USD
  Expenses:Food:Restaurant                           55.28 USD

2014-10-26 * "Kin Soy" | "Eating out with Natasha"
  Liabilities:US:Chase:Slate                        -39.47 USD
  Expenses:Food:Restaurant                           39.47 USD

2014-10-29 * "Chichipotle" | "Eating out with Joe"
  Liabilities:US:Chase:Slate                        -21.32 USD
  Expenses:Food:Restaurant                           21.32 USD

2014-11-01 * "Chichipotle" | "Eating out with work buddies"
  Liabilities:US:Chase:Slate                        -30.61 USD
  Expenses:Food:Restaurant                           30.61 USD

2014-11-04 * "Goba Goba" | "Eating out after work"
  Liabilities:US:Chase:Slate                        -26.45 USD
  Expenses:Food:Restaurant                           26.45 USD

2014-11-06 * "Goba Goba" | "Eating out with Bill"
  Liabilities:US:Chase:Slate                        -23.98 USD
  Expenses:Food:Restaurant                           23.98 USD

2014-11-07 * "Good Moods Market" | "Buying groceries"
  Liabilities:US:Chase:Slate                        -78.92 USD
  Expenses:Food:Groceries                            78.92 USD

2014-11-07 * "Metro Transport Authority" | "Tram tickets"
  Liabilities:US:Chase:Slate                       -120.00 USD
  Expenses:Transport:Tram                           120.00 USD

2014-11-08 balance Liabilities:US:Chase:Slate     -1403.96 USD

2014-11-09 * "Chase:Slate" | "Paying off credit card"
  Liabilities:US:Chase:Slate                        601.35 USD
  Assets:US:BofA:Checking                          -601.35 USD

2014-11-11 * "Goba Goba" | "Eating out with Bill"
  Liabilities:US:Chase:Slate                        -35.53 USD
  Expenses:Food:Restaurant                           35.53 USD

2014-11-13 * "Chichipotle" | "Eating out with Julie"
  Liabilities:US:Chase:Slate                        -32.30 USD
  Expenses:Food:Restaurant                           32.30 USD

2014-11-13 * "Onion Market" | "Buying groceries"
  Liabilities:US:Chase:Slate                        -70.38 USD
  Expenses:Food:Groceries                            70.38 USD

2014-11-14 * "Kin Soy" | "Eating out alone"
  Liabilities:US:Chase:Slate                        -27.18 USD
  Expenses:Food:Restaurant                           27.18 USD

2014-11-19 * "Rose Flower" | "Eating out with Natasha"
  Liabilities:US:Chase:Slate                        -30.61 USD
  Expenses:Food:Restaurant                           30.61 USD

2014-11-20 * "Jewel of Morroco" | "Eating out after work"
  Liabilities:US:Chase:Slate                        -40.94 USD
  Expenses:Food:Restaurant                           40.94 USD

2014-11-21 event "location" "Boston"

2014-11-23 * "Legal Seafood" | "" #trip-boston-2014
  Liabilities:US:Chase:Slate                        -34.18 USD
  Expenses:Food:Restaurant                           34.18 USD

2014-11-24 * "Giacomo's Restaurant" | "" #trip-boston-2014
  Liabilities:US:Chase:Slate                        -47.21 USD
  Expenses:Food:Restaurant                           47.21 USD

2014-11-24 * "Starbucks" | "" #trip-boston-2014
  Liabilities:US:Chase:Slate                         -6.31 USD
  Expenses:Food:Coffee                                6.31 USD

2014-11-25 * "Franklin Cafe" | "" #trip-boston-2014
  Liabilities:US:Chase:Slate                        -30.50 USD
  Expenses:Food:Restaurant                           30.50 USD

2014-11-25 * "Starbucks" | "" #trip-boston-2014
  Liabilities:US:Chase:Slate                         -5.98 USD
  Expenses:Food:Coffee                                5.98 USD

2014-11-26 * "Starbucks" | "" #trip-boston-2014
  Liabilities:US:Chase:Slate                         -5.68 USD
  Expenses:Food:Coffee                                5.68 USD

2014-11-28 * "Starbucks" | "" #trip-boston-2014
  Liabilities:US:Chase:Slate                         -5.89 USD
  Expenses:Food:Coffee                                5.89 USD

2014-11-29 * "Starbucks" | "" #trip-boston-2014
  Liabilities:US:Chase:Slate                         -6.11 USD
  Expenses:Food:Coffee                                6.11 USD

2014-12-01 * "Giacomo's Restaurant" | "" #trip-boston-2014
  Liabilities:US:Chase:Slate                        -36.79 USD
  Expenses:Food:Restaurant                           36.79 USD

2014-12-01 * "Starbucks" | "" #trip-boston-2014
  Liabilities:US:Chase:Slate                         -6.18 USD
  Expenses:Food:Coffee                                6.18 USD

2014-12-02 * "Legal Seafood" | "" #trip-boston-2014
  Liabilities:US:Chase:Slate                        -32.73 USD
  Expenses:Food:Restaurant                           32.73 USD

2014-12-02 * "Consume vacation days"
  Assets:US:Hoogle:Vacation                            -88 VACHR
  Expenses:Vacation                                     88 VACHR

2014-12-02 event "location" "New Metropolis"

2014-12-03 * "Rose Flower" | "Eating out "
  Liabilities:US:Chase:Slate                        -30.12 USD
  Expenses:Food:Restaurant                           30.12 USD

2014-12-04 * "Metro Transport Authority" | "Tram tickets"
  Liabilities:US:Chase:Slate                       -120.00 USD
  Expenses:Transport:Tram                           120.00 USD

2014-12-05 balance Liabilities:US:Chase:Slate     -1407.23 USD

2014-12-05 * "Chichipotle" | "Eating out with Bill"
  Liabilities:US:Chase:Slate                        -33.63 USD
  Expenses:Food:Restaurant                           33.63 USD

2014-12-08 * "Chase:Slate" | "Paying off credit card"
  Liabilities:US:Chase:Slate                        422.14 USD
  Assets:US:BofA:Checking                          -422.14 USD

2014-12-09 * "Jewel of Morroco" | "Eating out alone"
  Liabilities:US:Chase:Slate                        -36.98 USD
  Expenses:Food:Restaurant                           36.98 USD

2014-12-12 * "Good Moods Market" | "Buying groceries"
  Liabilities:US:Chase:Slate                        -77.58 USD
  Expenses:Food:Groceries                            77.58 USD

2014-12-14 * "Kin Soy" | "Eating out with Julie"
  Liabilities:US:Chase:Slate                        -15.57 USD
  Expenses:Food:Restaurant                           15.57 USD

2014-12-18 * "Goba Goba" | "Eating out "
  Liabilities:US:Chase:Slate                        -19.98 USD
  Expenses:Food:Restaurant                           19.98 USD

2014-12-21 * "Rose Flower" | "Eating out with Julie"
  Liabilities:US:Chase:Slate                        -23.60 USD
  Expenses:Food:Restaurant                           23.60 USD

2014-12-24 * "Cafe Modagor" | "Eating out with work buddies"
  Liabilities:US:Chase:Slate                        -29.09 USD
  Expenses:Food:Restaurant                           29.09 USD

2014-12-25 * "Goba Goba" | "Eating out after work"
  Liabilities:US:Chase:Slate                        -40.05 USD
  Expenses:Food:Restaurant                           40.05 USD

2014-12-28 balance Liabilities:US:Chase:Slate     -1261.57 USD

2014-12-30 * "Kin Soy" | "Eating out alone"
  Liabilities:US:Chase:Slate                        -85.37 USD
  Expenses:Food:Restaurant                           85.37 USD

2014-12-31 * "Corner Deli" | "Buying groceries"
  Liabilities:US:Chase:Slate                        -85.38 USD
  Expenses:Food:Groceries                            85.38 USD

2015-01-02 * "Metro Transport Authority" | "Tram tickets"
  Liabilities:US:Chase:Slate                       -120.00 USD
  Expenses:Transport:Tram                           120.00 USD

2015-01-03 * "Rose Flower" | "Eating out with Bill"
  Liabilities:US:Chase:Slate                        -18.11 USD
  Expenses:Food:Restaurant                           18.11 USD

2015-01-04 * "Jewel of Morroco" | "Eating out with Julie"
  Liabilities:US:Chase:Slate                        -32.82 USD
  Expenses:Food:Restaurant                           32.82 USD

2015-01-07 * "Jewel of Morroco" | "Eating out with Julie"
  Liabilities:US:Chase:Slate                        -22.96 USD
  Expenses:Food:Restaurant                           22.96 USD

2015-01-08 * "Uncle Boons" | "Eating out after work"
  Liabilities:US:Chase:Slate                        -54.79 USD
  Expenses:Food:Restaurant                           54.79 USD

2015-01-09 * "Chase:Slate" | "Paying off credit card"
  Liabilities:US:Chase:Slate                        673.76 USD
  Assets:US:BofA:Checking                          -673.76 USD

2015-01-13 * "Chichipotle" | "Eating out "
  Liabilities:US:Chase:Slate                        -48.46 USD
  Expenses:Food:Restaurant                           48.46 USD

2015-01-16 * "Corner Deli" | "Buying groceries"
  Liabilities:US:Chase:Slate                        -89.75 USD
  Expenses:Food:Groceries                            89.75 USD

2015-01-18 * "Cafe Modagor" | "Eating out "
  Liabilities:US:Chase:Slate                        -44.45 USD
  Expenses:Food:Restaurant                           44.45 USD

2015-01-20 * "Jewel of Morroco" | "Eating out "
  Liabilities:US:Chase:Slate                        -52.93 USD
  Expenses:Food:Restaurant                           52.93 USD

2015-01-24 balance Liabilities:US:Chase:Slate     -1242.83 USD

2015-01-24 * "Goba Goba" | "Eating out with Natasha"
  Liabilities:US:Chase:Slate                        -40.61 USD
  Expenses:Food:Restaurant                           40.61 USD

2015-01-26 * "Farmer Fresh" | "Buying groceries"
  Liabilities:US:Chase:Slate                       -114.11 USD
  Expenses:Food:Groceries                           114.11 USD

2015-01-29 * "Jewel of Morroco" | "Eating out with work buddies"
  Liabilities:US:Chase:Slate                        -41.79 USD
  Expenses:Food:Restaurant                           41.79 USD

2015-02-01 * "Cafe Modagor" | "Eating out with Joe"
  Liabilities:US:Chase:Slate                        -51.68 USD
  Expenses:Food:Restaurant                           51.68 USD

2015-02-01 * "Metro Transport Authority" | "Tram tickets"
  Liabilities:US:Chase:Slate                       -120.00 USD
  Expenses:Transport:Tram                           120.00 USD

2015-02-02 * "Rose Flower" | "Eating out after work"
  Liabilities:US:Chase:Slate                        -22.32 USD
  Expenses:Food:Restaurant                           22.32 USD

2015-02-04 * "Kin Soy" | "Eating out with Joe"
  Liabilities:US:Chase:Slate                        -18.66 USD
  Expenses:Food:Restaurant                           18.66 USD

2015-02-06 * "Rose Flower" | "Eating out alone"
  Liabilities:US:Chase:Slate                        -14.06 USD
  Expenses:Food:Restaurant                           14.06 USD

2015-02-08 * "Jewel of Morroco" | "Eating out with Joe"
  Liabilities:US:Chase:Slate                        -34.55 USD
  Expenses:Food:Restaurant                           34.55 USD

2015-02-10 * "Chase:Slate" | "Paying off credit card"
  Liabilities:US:Chase:Slate                        685.73 USD
  Assets:US:BofA:Checking                          -685.73 USD

2015-02-12 * "Kin Soy" | "Eating out with Bill"
  Liabilities:US:Chase:Slate                        -40.82 USD
  Expenses:Food:Restaurant                           40.82 USD

2015-02-12 * "Farmer Fresh" | "Buying groceries"
  Liabilities:US:Chase:Slate                        -85.44 USD
  Expenses:Food:Groceries                            85.44 USD

2015-02-13 * "Kin Soy" | "Eating out alone"
  Liabilities:US:Chase:Slate                        -32.33 USD
  Expenses:Food:Restaurant                           32.33 USD

2015-02-14 balance Liabilities:US:Chase:Slate     -1173.47 USD

2015-02-14 * "Uncle Boons" | "Eating out with Bill"
  Liabilities:US:Chase:Slate                        -32.29 USD
  Expenses:Food:Restaurant                           32.29 USD

2015-02-16 * "China Garden" | "Eating out with Joe"
  Liabilities:US:Chase:Slate                        -47.98 USD
  Expenses:Food:Restaurant                           47.98 USD

2015-02-19 * "Cafe Modagor" | "Eating out after work"
  Liabilities:US:Chase:Slate                        -42.60 USD
  Expenses:Food:Restaurant                           42.60 USD

2015-02-21 * "Chichipotle" | "Eating out with Natasha"
  Liabilities:US:Chase:Slate                        -23.22 USD
  Expenses:Food:Restaurant                           23.22 USD

2015-02-22 * "Chichipotle" | "Eating out alone"
  Liabilities:US:Chase:Slate                        -24.36 USD
  Expenses:Food:Restaurant                           24.36 USD

2015-02-27 * "Jewel of Morroco" | "Eating out after work"
  Liabilities:US:Chase:Slate                        -20.53 USD
  Expenses:Food:Restaurant                           20.53 USD

2015-03-01 * "Jewel of Morroco" | "Eating out with Natasha"
  Liabilities:US:Chase:Slate                        -40.82 USD
  Expenses:Food:Restaurant                           40.82 USD

2015-03-01 * "Metro Transport Authority" | "Tram tickets"
  Liabilities:US:Chase:Slate                       -120.00 USD
  Expenses:Transport:Tram                           120.00 USD

2015-03-02 * "Chichipotle" | "Eating out alone"
  Liabilities:US:Chase:Slate                        -31.19 USD
  Expenses:Food:Restaurant                           31.19 USD

2015-03-02 * "Farmer Fresh" | "Buying groceries"
  Liabilities:US:Chase:Slate                       -156.94 USD
  Expenses:Food:Groceries                           156.94 USD

2015-03-07 * "Chichipotle" | "Eating out after work"
  Liabilities:US:Chase:Slate                        -70.57 USD
  Expenses:Food:Restaurant                           70.57 USD

2015-03-07 * "Chase:Slate" | "Paying off credit card"
  Liabilities:US:Chase:Slate                        728.27 USD
  Assets:US:BofA:Checking                          -728.27 USD

2015-03-09 * "Cafe Modagor" | "Eating out "
  Liabilities:US:Chase:Slate                        -23.96 USD
  Expenses:Food:Restaurant                           23.96 USD

2015-03-10 * "Rose Flower" | "Eating out with Natasha"
  Liabilities:US:Chase:Slate                        -20.24 USD
  Expenses:Food:Restaurant                           20.24 USD

2015-03-11 * "Goba Goba" | "Eating out after work"
  Liabilities:US:Chase:Slate                        -31.56 USD
  Expenses:Food:Restaurant                           31.56 USD

2015-03-13 * "Corner Deli" | "Buying groceries"
  Liabilities:US:Chase:Slate                       -109.84 USD
  Expenses:Food:Groceries                           109.84 USD

2015-03-14 * "Rose Flower" | "Eating out with Julie"
  Liabilities:US:Chase:Slate                        -28.83 USD
  Expenses:Food:Restaurant                           28.83 USD

2015-03-16 balance Liabilities:US:Chase:Slate     -1270.13 USD

2015-03-18 * "Rose Flower" | "Eating out "
  Liabilities:US:Chase:Slate                        -69.15 USD
  Expenses:Food:Restaurant                           69.15 USD

2015-03-20 * "Corner Deli" | "Buying groceries"
  Liabilities:US:Chase:Slate                       -103.78 USD
  Expenses:Food:Groceries                           103.78 USD

2015-03-23 * "Chichipotle" | "Eating out with Julie"
  Liabilities:US:Chase:Slate                        -64.18 USD
  Expenses:Food:Restaurant                           64.18 USD

2015-03-24 * "China Garden" | "Eating out alone"
  Liabilities:US:Chase:Slate                        -19.97 USD
  Expenses:Food:Restaurant                           19.97 USD

2015-03-28 * "Metro Transport Authority" | "Tram tickets"
  Liabilities:US:Chase:Slate                       -120.00 USD
  Expenses:Transport:Tram                           120.00 USD

2015-03-29 * "China Garden" | "Eating out alone"
  Liabilities:US:Chase:Slate                        -19.44 USD
  Expenses:Food:Restaurant                           19.44 USD

2015-04-01 * "China Garden" | "Eating out "
  Liabilities:US:Chase:Slate                        -23.55 USD
  Expenses:Food:Restaurant                           23.55 USD

2015-04-03 * "China Garden" | "Eating out with Julie"
  Liabilities:US:Chase:Slate                        -36.05 USD
  Expenses:Food:Restaurant                           36.05 USD

2015-04-05 * "Cafe Modagor" | "Eating out "
  Liabilities:US:Chase:Slate                        -41.40 USD
  Expenses:Food:Restaurant                           41.40 USD

2015-04-08 * "Corner Deli" | "Buying groceries"
  Liabilities:US:Chase:Slate                        -73.55 USD
  Expenses:Food:Groceries                            73.55 USD

2015-04-09 * "Kin Soy" | "Eating out with Natasha"
  Liabilities:US:Chase:Slate                        -23.34 USD
  Expenses:Food:Restaurant                           23.34 USD

2015-04-10 balance Liabilities:US:Chase:Slate     -1864.54 USD

2015-04-11 * "Chase:Slate" | "Paying off credit card"
  Liabilities:US:Chase:Slate                        838.75 USD
  Assets:US:BofA:Checking                          -838.75 USD

2015-04-14 * "Uncle Boons" | "Eating out with Julie"
  Liabilities:US:Chase:Slate                        -29.91 USD
  Expenses:Food:Restaurant                           29.91 USD

2015-04-17 * "Rose Flower" | "Eating out with Julie"
  Liabilities:US:Chase:Slate                        -42.55 USD
  Expenses:Food:Restaurant                           42.55 USD

2015-04-19 * "Chichipotle" | "Eating out with Natasha"
  Liabilities:US:Chase:Slate                        -32.71 USD
  Expenses:Food:Restaurant                           32.71 USD

2015-04-20 * "Farmer Fresh" | "Buying groceries"
  Liabilities:US:Chase:Slate                        -79.89 USD
  Expenses:Food:Groceries                            79.89 USD

2015-04-22 * "China Garden" | "Eating out alone"
  Liabilities:US:Chase:Slate                        -30.10 USD
  Expenses:Food:Restaurant                           30.10 USD

2015-04-23 * "Chichipotle" | "Eating out with work buddies"
  Liabilities:US:Chase:Slate                        -48.24 USD
  Expenses:Food:Restaurant                           48.24 USD

2015-04-24 * "Metro Transport Authority" | "Tram tickets"
  Liabilities:US:Chase:Slate                       -120.00 USD
  Expenses:Transport:Tram                           120.00 USD

2015-04-28 * "Cafe Modagor" | "Eating out with Natasha"
  Liabilities:US:Chase:Slate                        -29.51 USD
  Expenses:Food:Restaurant                           29.51 USD

2015-05-03 * "Cafe Modagor" | "Eating out with Julie"
  Liabilities:US:Chase:Slate                        -32.69 USD
  Expenses:Food:Restaurant                           32.69 USD

2015-05-04 * "Jewel of Morroco" | "Eating out with Bill"
  Liabilities:US:Chase:Slate                        -46.49 USD
  Expenses:Food:Restaurant                           46.49 USD

2015-05-05 * "Corner Deli" | "Buying groceries"
  Liabilities:US:Chase:Slate                        -51.91 USD
  Expenses:Food:Groceries                            51.91 USD

2015-05-07 * "Chase:Slate" | "Paying off credit card"
  Liabilities:US:Chase:Slate                        549.30 USD
  Assets:US:BofA:Checking                          -549.30 USD

2015-05-09 * "Uncle Boons" | "Eating out with work buddies"
  Liabilities:US:Chase:Slate                        -35.21 USD
  Expenses:Food:Restaurant                           35.21 USD

2015-05-10 balance Liabilities:US:Chase:Slate     -1055.70 USD

2015-05-11 * "Goba Goba" | "Eating out with Bill"
  Liabilities:US:Chase:Slate                        -60.05 USD
  Expenses:Food:Restaurant                           60.05 USD

2015-05-13 * "Uncle Boons" | "Eating out with Julie"
  Liabilities:US:Chase:Slate                        -13.53 USD
  Expenses:Food:Restaurant                           13.53 USD

2015-05-14 * "Rose Flower" | "Eating out after work"
  Liabilities:US:Chase:Slate                         -7.73 USD
  Expenses:Food:Restaurant                            7.73 USD

2015-05-19 * "Cafe Modagor" | "Eating out with work buddies"
  Liabilities:US:Chase:Slate                        -42.25 USD
  Expenses:Food:Restaurant                           42.25 USD

2015-05-21 * "Corner Deli" | "Buying groceries"
  Liabilities:US:Chase:Slate                        -61.85 USD
  Expenses:Food:Groceries                            61.85 USD

2015-05-24 * "Rose Flower" | "Eating out alone"
  Liabilities:US:Chase:Slate                        -21.94 USD
  Expenses:Food:Restaurant                           21.94 USD

2015-05-24 * "Metro Transport Authority" | "Tram tickets"
  Liabilities:US:Chase:Slate                       -120.00 USD
  Expenses:Transport:Tram                           120.00 USD

2015-05-26 event "location" "New York"

2015-05-27 * "Laut" | "" #trip-new-york-2015
  Liabilities:US:Chase:Slate                        -29.92 USD
  Expenses:Food:Restaurant                           29.92 USD

2015-05-29 * "Takahachi" | "" #trip-new-york-2015
  Liabilities:US:Chase:Slate                        -49.56 USD
  Expenses:Food:Restaurant                           49.56 USD

2015-05-29 * "Laut" | "" #trip-new-york-2015
  Liabilities:US:Chase:Slate                        -34.20 USD
  Expenses:Food:Restaurant                           34.20 USD

2015-05-29 * "Gimme! Coffee" | "" #trip-new-york-2015
  Liabilities:US:Chase:Slate                         -7.30 USD
  Expenses:Food:Coffee                                7.30 USD

2015-05-30 * "Uncle Boons" | "" #trip-new-york-2015
  Liabilities:US:Chase:Slate                        -34.77 USD
  Expenses:Food:Restaurant                           34.77 USD

2015-06-01 * "La Colombe" | "" #trip-new-york-2015
  Liabilities:US:Chase:Slate                         -5.78 USD
  Expenses:Food:Coffee                                5.78 USD

2015-06-02 * "Cafe Select" | "" #trip-new-york-2015
  Liabilities:US:Chase:Slate                        -23.04 USD
  Expenses:Food:Restaurant                           23.04 USD

2015-06-03 * "Uncle Boons" | "" #trip-new-york-2015
  Liabilities:US:Chase:Slate                        -43.60 USD
  Expenses:Food:Restaurant                           43.60 USD

2015-06-03 * "Cafe Select" | "" #trip-new-york-2015
  Liabilities:US:Chase:Slate                        -26.49 USD
  Expenses:Food:Restaurant                           26.49 USD

2015-06-03 * "Consume vacation days"
  Assets:US:Hoogle:Vacation                            -64 VACHR
  Expenses:Vacation                                     64 VACHR

2015-06-03 event "location" "New Metropolis"

2015-06-05 * "Good Moods Market" | "Buying groceries"
  Liabilities:US:Chase:Slate                        -53.67 USD
  Expenses:Food:Groceries                            53.67 USD

2015-06-07 balance Liabilities:US:Chase:Slate     -1691.38 USD

2015-06-07 * "Goba Goba" | "Eating out alone"
  Liabilities:US:Chase:Slate                        -71.07 USD
  Expenses:Food:Restaurant                           71.07 USD

2015-06-10 * "Cafe Modagor" | "Eating out with work buddies"
  Liabilities:US:Chase:Slate                        -54.34 USD
  Expenses:Food:Restaurant                           54.34 USD

2015-06-11 * "Chase:Slate" | "Paying off credit card"
  Liabilities:US:Chase:Slate                        557.34 USD
  Assets:US:BofA:Checking                          -557.34 USD

2015-06-14 * "China Garden" | "Eating out alone"
  Liabilities:US:Chase:Slate                        -50.91 USD
  Expenses:Food:Restaurant                           50.91 USD

2015-06-15 * "Onion Market" | "Buying groceries"
  Liabilities:US:Chase:Slate                        -96.37 USD
  Expenses:Food:Groceries                            96.37 USD

2015-06-18 * "Goba Goba" | "Eating out with Joe"
  Liabilities:US:Chase:Slate                        -34.90 USD
  Expenses:Food:Restaurant                           34.90 USD

2015-06-21 * "Jewel of Morroco" | "Eating out with Julie"
  Liabilities:US:Chase:Slate                        -35.48 USD
  Expenses:Food:Restaurant                           35.48 USD

2015-06-24 * "Metro Transport Authority" | "Tram tickets"
  Liabilities:US:Chase:Slate                       -120.00 USD
  Expenses:Transport:Tram                           120.00 USD

2015-06-25 * "Chichipotle" | "Eating out with Bill"
  Liabilities:US:Chase:Slate                        -18.78 USD
  Expenses:Food:Restaurant                           18.78 USD

2015-06-26 * "Jewel of Morroco" | "Eating out alone"
  Liabilities:US:Chase:Slate                        -22.82 USD
  Expenses:Food:Restaurant                           22.82 USD

2015-06-27 * "Kin Soy" | "Eating out with Julie"
  Liabilities:US:Chase:Slate                        -54.46 USD
  Expenses:Food:Restaurant                           54.46 USD

2015-06-28 * "Farmer Fresh" | "Buying groceries"
  Liabilities:US:Chase:Slate                        -75.35 USD
  Expenses:Food:Groceries                            75.35 USD

2015-07-01 * "Jewel of Morroco" | "Eating out alone"
  Liabilities:US:Chase:Slate                        -18.18 USD
  Expenses:Food:Restaurant                           18.18 USD

2015-07-03 balance Liabilities:US:Chase:Slate     -1786.70 USD

2015-07-04 * "Rose Flower" | "Eating out after work"
  Liabilities:US:Chase:Slate                        -37.65 USD
  Expenses:Food:Restaurant                           37.65 USD

2015-07-07 * "Chichipotle" | "Eating out with Julie"
  Liabilities:US:Chase:Slate                        -34.70 USD
  Expenses:Food:Restaurant                           34.70 USD

2015-07-07 * "Good Moods Market" | "Buying groceries"
  Liabilities:US:Chase:Slate                        -88.31 USD
  Expenses:Food:Groceries                            88.31 USD

2015-07-10 * "Chase:Slate" | "Paying off credit card"
  Liabilities:US:Chase:Slate                        699.04 USD
  Assets:US:BofA:Checking                          -699.04 USD

2015-07-12 * "Kin Soy" | "Eating out "
  Liabilities:US:Chase:Slate                        -62.04 USD
  Expenses:Food:Restaurant                           62.04 USD

2015-07-15 * "Corner Deli" | "Buying groceries"
  Liabilities:US:Chase:Slate                       -117.46 USD
  Expenses:Food:Groceries                           117.46 USD

2015-07-16 * "Uncle Boons" | "Eating out alone"
  Liabilities:US:Chase:Slate                        -20.26 USD
  Expenses:Food:Restaurant                           20.26 USD

2015-07-19 * "Cafe Modagor" | "Eating out "
  Liabilities:US:Chase:Slate                        -44.46 USD
  Expenses:Food:Restaurant                           44.46 USD

2015-07-22 * "Goba Goba" | "Eating out alone"
  Liabilities:US:Chase:Slate                        -37.62 USD
  Expenses:Food:Restaurant                           37.62 USD

2015-07-22 * "Corner Deli" | "Buying groceries"
  Liabilities:US:Chase:Slate                        -83.13 USD
  Expenses:Food:Groceries                            83.13 USD

2015-07-24 * "China Garden" | "Eating out with Bill"
  Liabilities:US:Chase:Slate                        -48.58 USD
  Expenses:Food:Restaurant                           48.58 USD

2015-07-25 * "China Garden" | "Eating out with Julie"
  Liabilities:US:Chase:Slate                        -30.24 USD
  Expenses:Food:Restaurant                           30.24 USD

2015-07-25 * "Metro Transport Authority" | "Tram tickets"
  Liabilities:US:Chase:Slate                       -120.00 USD
  Expenses:Transport:Tram                           120.00 USD

2015-07-27 * "Jewel of Morroco" | "Eating out with Joe"
  Liabilities:US:Chase:Slate                        -24.73 USD
  Expenses:Food:Restaurant                           24.73 USD

2015-07-29 * "Kin Soy" | "Eating out "
  Liabilities:US:Chase:Slate                        -28.32 USD
  Expenses:Food:Restaurant                           28.32 USD

2015-08-01 * "Jewel of Morroco" | "Eating out with work buddies"
  Liabilities:US:Chase:Slate                        -22.64 USD
  Expenses:Food:Restaurant                           22.64 USD

2015-08-02 balance Liabilities:US:Chase:Slate     -1887.80 USD

2015-08-03 * "Jewel of Morroco" | "Eating out with Bill"
  Liabilities:US:Chase:Slate                        -21.86 USD
  Expenses:Food:Restaurant                           21.86 USD

2015-08-04 * "China Garden" | "Eating out with Natasha"
  Liabilities:US:Chase:Slate                        -23.04 USD
  Expenses:Food:Restaurant                           23.04 USD

2015-08-05 * "Cafe Modagor" | "Eating out "
  Liabilities:US:Chase:Slate                        -29.75 USD
  Expenses:Food:Restaurant                           29.75 USD

2015-08-07 * "Chase:Slate" | "Paying off credit card"
  Liabilities:US:Chase:Slate                        689.55 USD
  Assets:US:BofA:Checking                          -689.55 USD

2015-08-08 * "Jewel of Morroco" | "Eating out with Bill"
  Liabilities:US:Chase:Slate                        -37.46 USD
  Expenses:Food:Restaurant                           37.46 USD

2015-08-08 * "Corner Deli" | "Buying groceries"
  Liabilities:US:Chase:Slate                       -117.68 USD
  Expenses:Food:Groceries                           117.68 USD

2015-08-10 * "Goba Goba" | "Eating out "
  Liabilities:US:Chase:Slate                        -39.35 USD
  Expenses:Food:Restaurant                           39.35 USD

2015-08-12 * "Goba Goba" | "Eating out with Bill"
  Liabilities:US:Chase:Slate                        -40.56 USD
  Expenses:Food:Restaurant                           40.56 USD

2015-08-13 * "Jewel of Morroco" | "Eating out with Joe"
  Liabilities:US:Chase:Slate                        -36.73 USD
  Expenses:Food:Restaurant                           36.73 USD

2015-08-14 * "Jewel of Morroco" | "Eating out alone"
  Liabilities:US:Chase:Slate                        -18.93 USD
  Expenses:Food:Restaurant                           18.93 USD

2015-08-15 * "Kin Soy" | "Eating out with Julie"
  Liabilities:US:Chase:Slate                        -24.08 USD
  Expenses:Food:Restaurant                           24.08 USD

2015-08-19 * "Jewel of Morroco" | "Eating out with Bill"
  Liabilities:US:Chase:Slate                        -11.02 USD
  Expenses:Food:Restaurant                           11.02 USD

2015-08-22 * "Kin Soy" | "Eating out with work buddies"
  Liabilities:US:Chase:Slate                        -46.39 USD
  Expenses:Food:Restaurant                           46.39 USD

2015-08-23 * "Uncle Boons" | "Eating out with work buddies"
  Liabilities:US:Chase:Slate                        -27.02 USD
  Expenses:Food:Restaurant                           27.02 USD

2015-08-23 * "Corner Deli" | "Buying groceries"
  Liabilities:US:Chase:Slate                        -94.01 USD
  Expenses:Food:Groceries                            94.01 USD

2015-08-24 * "Chichipotle" | "Eating out with Joe"
  Liabilities:US:Chase:Slate                        -25.39 USD
  Expenses:Food:Restaurant                           25.39 USD

2015-08-25 * "Metro Transport Authority" | "Tram tickets"
  Liabilities:US:Chase:Slate                       -120.00 USD
  Expenses:Transport:Tram                           120.00 USD

2015-08-27 * "Kin Soy" | "Eating out with Bill"
  Liabilities:US:Chase:Slate                        -30.97 USD
  Expenses:Food:Restaurant                           30.97 USD

2015-08-28 * "Kin Soy" | "Eating out "
  Liabilities:US:Chase:Slate                        -10.90 USD
  Expenses:Food:Restaurant                           10.90 USD

2015-08-31 balance Liabilities:US:Chase:Slate     -1953.39 USD

2015-09-01 * "Chichipotle" | "Eating out with work buddies"
  Liabilities:US:Chase:Slate                        -22.80 USD
  Expenses:Food:Restaurant                           22.80 USD

2015-09-02 * "Corner Deli" | "Buying groceries"
  Liabilities:US:Chase:Slate                        -47.84 USD
  Expenses:Food:Groceries                            47.84 USD

2015-09-03 * "Cafe Modagor" | "Eating out with Joe"
  Liabilities:US:Chase:Slate                        -35.57 USD
  Expenses:Food:Restaurant                           35.57 USD

2015-09-07 * "China Garden" | "Eating out alone"
  Liabilities:US:Chase:Slate                        -21.15 USD
  Expenses:Food:Restaurant                           21.15 USD

2015-09-09 * "Chichipotle" | "Eating out with Bill"
  Liabilities:US:Chase:Slate                        -21.03 USD
  Expenses:Food:Restaurant                           21.03 USD

2015-09-09 * "Chase:Slate" | "Paying off credit card"
  Liabilities:US:Chase:Slate                        791.42 USD
  Assets:US:BofA:Checking                          -791.42 USD

2015-09-12 * "Cafe Modagor" | "Eating out with Natasha"
  Liabilities:US:Chase:Slate                        -27.44 USD
  Expenses:Food:Restaurant                           27.44 USD

2015-09-17 * "Jewel of Morroco" | "Eating out "
  Liabilities:US:Chase:Slate                        -38.17 USD
  Expenses:Food:Restaurant                           38.17 USD

2015-09-19 * "Rose Flower" | "Eating out with work buddies"
  Liabilities:US:Chase:Slate                        -23.00 USD
  Expenses:Food:Restaurant                           23.00 USD

2015-09-21 * "Corner Deli" | "Buying groceries"
  Liabilities:US:Chase:Slate                       -130.15 USD
  Expenses:Food:Groceries                           130.15 USD

2015-09-24 * "China Garden" | "Eating out with Joe"
  Liabilities:US:Chase:Slate                        -21.83 USD
  Expenses:Food:Restaurant                           21.83 USD

2015-09-25 * "Metro Transport Authority" | "Tram tickets"
  Liabilities:US:Chase:Slate                       -120.00 USD
  Expenses:Transport:Tram                           120.00 USD

2015-09-26 * "China Garden" | "Eating out "
  Liabilities:US:Chase:Slate                        -14.35 USD
  Expenses:Food:Restaurant                           14.35 USD

2015-09-27 balance Liabilities:US:Chase:Slate     -1685.30 USD

2015-09-29 * "Rose Flower" | "Eating out with Natasha"
  Liabilities:US:Chase:Slate                        -49.99 USD
  Expenses:Food:Restaurant                           49.99 USD

2015-09-30 * "Cafe Modagor" | "Eating out with Natasha"
  Liabilities:US:Chase:Slate                        -25.89 USD
  Expenses:Food:Restaurant                           25.89 USD

2015-10-05 * "Cafe Modagor" | "Eating out with Bill"
  Liabilities:US:Chase:Slate                        -41.00 USD
  Expenses:Food:Restaurant                           41.00 USD

2015-10-08 * "Chase:Slate" | "Paying off credit card"
  Liabilities:US:Chase:Slate                        511.24 USD
  Assets:US:BofA:Checking                          -511.24 USD

2015-10-09 * "Chichipotle" | "Eating out with Joe"
  Liabilities:US:Chase:Slate                        -19.42 USD
  Expenses:Food:Restaurant                           19.42 USD

2015-10-09 * "Good Moods Market" | "Buying groceries"
  Liabilities:US:Chase:Slate                        -78.44 USD
  Expenses:Food:Groceries                            78.44 USD

2015-10-14 * "Kin Soy" | "Eating out "
  Liabilities:US:Chase:Slate                        -37.99 USD
  Expenses:Food:Restaurant                           37.99 USD

2015-10-19 * "Jewel of Morroco" | "Eating out with Joe"
  Liabilities:US:Chase:Slate                        -30.60 USD
  Expenses:Food:Restaurant                           30.60 USD

2015-10-24 * "Uncle Boons" | "Eating out after work"
  Liabilities:US:Chase:Slate                        -10.64 USD
  Expenses:Food:Restaurant                           10.64 USD

2015-10-26 balance Liabilities:US:Chase:Slate     -1468.03 USD

2015-10-26 * "Metro Transport Authority" | "Tram tickets"
  Liabilities:US:Chase:Slate                       -120.00 USD
  Expenses:Transport:Tram                           120.00 USD

2015-10-29 * "Uncle Boons" | "Eating out after work"
  Liabilities:US:Chase:Slate                        -21.16 USD
  Expenses:Food:Restaurant                           21.16 USD

2015-10-29 * "Farmer Fresh" | "Buying groceries"
  Liabilities:US:Chase:Slate                        -68.15 USD
  Expenses:Food:Groceries                            68.15 USD

2015-11-01 * "Chichipotle" | "Eating out after work"
  Liabilities:US:Chase:Slate                        -37.97 USD
  Expenses:Food:Restaurant                           37.97 USD

2015-11-02 * "Kin Soy" | "Eating out with Joe"
  Liabilities:US:Chase:Slate                        -23.72 USD
  Expenses:Food:Restaurant                           23.72 USD

2015-11-03 * "Kin Soy" | "Eating out alone"
  Liabilities:US:Chase:Slate                        -28.29 USD
  Expenses:Food:Restaurant                           28.29 USD

2015-11-08 * "Jewel of Morroco" | "Eating out "
  Liabilities:US:Chase:Slate                        -26.21 USD
  Expenses:Food:Restaurant                           26.21 USD

2015-11-12 * "Cafe Modagor" | "Eating out "
  Liabilities:US:Chase:Slate                        -26.75 USD
  Expenses:Food:Restaurant                           26.75 USD

2015-11-14 * "Jewel of Morroco" | "Eating out with work buddies"
  Liabilities:US:Chase:Slate                        -44.55 USD
  Expenses:Food:Restaurant                           44.55 USD

2015-11-16 * "Kin Soy" | "Eating out with work buddies"
  Liabilities:US:Chase:Slate                        -28.20 USD
  Expenses:Food:Restaurant                           28.20 USD

2015-11-16 * "Corner Deli" | "Buying groceries"
  Liabilities:US:Chase:Slate                        -65.70 USD
  Expenses:Food:Groceries                            65.70 USD

2015-11-18 balance Liabilities:US:Chase:Slate     -1958.73 USD

2015-11-20 * "Cafe Modagor" | "Eating out with Joe"
  Liabilities:US:Chase:Slate                        -27.88 USD
  Expenses:Food:Restaurant                           27.88 USD

2015-11-21 * "Kin Soy" | "Eating out with work buddies"
  Liabilities:US:Chase:Slate                        -22.22 USD
  Expenses:Food:Restaurant                           22.22 USD

2015-11-25 * "Goba Goba" | "Eating out alone"
  Liabilities:US:Chase:Slate                        -38.29 USD
  Expenses:Food:Restaurant                           38.29 USD



* Taxable Investments

2013-01-01 open Assets:US:ETrade:Cash                       USD
2013-01-01 open Assets:US:ETrade:ITOT                       ITOT
2013-01-01 open Assets:US:ETrade:VEA                       VEA
2013-01-01 open Assets:US:ETrade:VHT                       VHT
2013-01-01 open Assets:US:ETrade:GLD                       GLD
2013-01-01 open Income:US:ETrade:Gains                      USD
2013-01-01 open Income:US:ETrade:Dividends                  USD

2013-08-20 * "Buy shares of VHT"
  Assets:US:ETrade:Cash                           -2906.39 USD
  Assets:US:ETrade:VHT                                  16 VHT {181.09 USD}
  Expenses:Financial:Commissions                      8.95 USD

2013-09-02 * "Sell shares of VHT"
  Assets:US:ETrade:VHT                                 -16 VHT {181.09 USD} @ 183.72 USD
  Assets:US:ETrade:Cash                            2930.57 USD
  Expenses:Financial:Commissions                      8.95 USD
  Income:US:ETrade:Gains                            -42.08 USD

2013-09-04 * "Buy shares of ITOT"
  Assets:US:ETrade:Cash                            -598.93 USD
  Assets:US:ETrade:ITOT                                  3 ITOT {196.66 USD}
  Expenses:Financial:Commissions                      8.95 USD

2013-09-04 * "Buy shares of VEA"
  Assets:US:ETrade:Cash                            -549.70 USD
  Assets:US:ETrade:VEA                                   3 VEA {180.25 USD}
  Expenses:Financial:Commissions                      8.95 USD

2013-09-04 * "Buy shares of GLD"
  Assets:US:ETrade:Cash                            -701.74 USD
  Assets:US:ETrade:GLD                                   7 GLD {98.97 USD}
  Expenses:Financial:Commissions                      8.95 USD

2013-09-04 * "Buy shares of VHT"
  Assets:US:ETrade:Cash                            -560.11 USD
  Assets:US:ETrade:VHT                                   3 VHT {183.72 USD}
  Expenses:Financial:Commissions                      8.95 USD

2013-09-18 * "Dividends on portfolio"
  Assets:US:ETrade:Cash                              21.09 USD
  Income:US:ETrade:Dividends                        -21.09 USD

2013-11-11 * "Buy shares of VHT"
  Assets:US:ETrade:Cash                           -2236.87 USD
  Assets:US:ETrade:VHT                                  12 VHT {185.66 USD}
  Expenses:Financial:Commissions                      8.95 USD

2013-11-11 * "Buy shares of ITOT"
  Assets:US:ETrade:Cash                           -2218.19 USD
  Assets:US:ETrade:ITOT                                 11 ITOT {200.84 USD}
  Expenses:Financial:Commissions                      8.95 USD

2013-12-17 * "Dividends on portfolio"
  Assets:US:ETrade:Cash                              38.84 USD
  Income:US:ETrade:Dividends                        -38.84 USD

2014-01-28 * "Sell shares of VHT"
  Assets:US:ETrade:VHT                                 -12 VHT {185.66 USD} @ 190.66 USD
  Assets:US:ETrade:Cash                            2278.97 USD
  Expenses:Financial:Commissions                      8.95 USD
  Income:US:ETrade:Gains                            -60.00 USD

2014-02-03 * "Buy shares of ITOT"
  Assets:US:ETrade:Cash                           -1199.35 USD
  Assets:US:ETrade:ITOT                                  6 ITOT {198.40 USD}
  Expenses:Financial:Commissions                      8.95 USD

2014-02-03 * "Buy shares of GLD"
  Assets:US:ETrade:Cash                           -1163.07 USD
  Assets:US:ETrade:GLD                                  11 GLD {104.92 USD}
  Expenses:Financial:Commissions                      8.95 USD

2014-03-05 * "Sell shares of VHT"
  Assets:US:ETrade:VHT                                  -3 VHT {183.72 USD} @ 192.85 USD
  Assets:US:ETrade:Cash                             569.60 USD
  Expenses:Financial:Commissions                      8.95 USD
  Income:US:ETrade:Gains                            -27.39 USD

2014-03-18 * "Dividends on portfolio"
  Assets:US:ETrade:Cash                              48.22 USD
  Income:US:ETrade:Dividends                        -48.22 USD

2014-03-24 * "Sell shares of GLD"
  Assets:US:ETrade:GLD                                 -11 GLD {104.92 USD} @ 102.20 USD
  Assets:US:ETrade:Cash                            1115.25 USD
  Expenses:Financial:Commissions                      8.95 USD
  Income:US:ETrade:Gains                             29.92 USD

2014-03-26 * "Buy shares of ITOT"
  Assets:US:ETrade:Cash                            -802.67 USD
  Assets:US:ETrade:ITOT                                  4 ITOT {198.43 USD}
  Expenses:Financial:Commissions                      8.95 USD

2014-03-26 * "Buy shares of VEA"
  Assets:US:ETrade:Cash                            -741.23 USD
  Assets:US:ETrade:VEA                                   4 VEA {183.07 USD}
  Expenses:Financial:Commissions                      8.95 USD

2014-06-12 * "Sell shares of VEA"
  Assets:US:ETrade:VEA                                  -4 VEA {183.07 USD} @ 183.45 USD
  Assets:US:ETrade:Cash                             724.85 USD
  Expenses:Financial:Commissions                      8.95 USD
  Income:US:ETrade:Gains                             -1.52 USD

2014-06-17 * "Sell shares of ITOT"
  Assets:US:ETrade:ITOT                                -11 ITOT {200.84 USD} @ 211.84 USD
  Assets:US:ETrade:Cash                            2321.29 USD
  Expenses:Financial:Commissions                      8.95 USD
  Income:US:ETrade:Gains                           -121.00 USD

2014-06-18 * "Dividends on portfolio"
  Assets:US:ETrade:Cash                              54.32 USD
  Income:US:ETrade:Dividends                        -54.32 USD

2014-06-20 * "Buy shares of GLD"
  Assets:US:ETrade:Cash                           -3116.59 USD
  Assets:US:ETrade:GLD                                  29 GLD {107.16 USD}
  Expenses:Financial:Commissions                      8.95 USD

2014-09-18 * "Dividends on portfolio"
  Assets:US:ETrade:Cash                              66.75 USD
  Income:US:ETrade:Dividends                        -66.75 USD

2014-11-01 * "Sell shares of ITOT"
  Assets:US:ETrade:ITOT                                 -6 ITOT {198.40 USD} @ 216.86 USD
  Assets:US:ETrade:Cash                            1292.21 USD
  Expenses:Financial:Commissions                      8.95 USD
  Income:US:ETrade:Gains                           -110.76 USD

2014-11-02 * "Sell shares of VEA"
  Assets:US:ETrade:VEA                                  -3 VEA {180.25 USD} @ 199.34 USD
  Assets:US:ETrade:Cash                             589.07 USD
  Expenses:Financial:Commissions                      8.95 USD
  Income:US:ETrade:Gains                            -57.27 USD

2014-11-08 * "Buy shares of VHT"
  Assets:US:ETrade:Cash                          -13471.63 USD
  Assets:US:ETrade:VHT                                  66 VHT {203.98 USD}
  Expenses:Financial:Commissions                      8.95 USD

2014-11-17 * "Sell shares of ITOT"
  Assets:US:ETrade:ITOT                                 -4 ITOT {198.43 USD} @ 224.55 USD
  Assets:US:ETrade:Cash                             889.25 USD
  Expenses:Financial:Commissions                      8.95 USD
  Income:US:ETrade:Gains                           -104.48 USD

2014-12-17 * "Dividends on portfolio"
  Assets:US:ETrade:Cash                             120.60 USD
  Income:US:ETrade:Dividends                       -120.60 USD

2015-03-18 * "Dividends on portfolio"
  Assets:US:ETrade:Cash                             120.60 USD
  Income:US:ETrade:Dividends                       -120.60 USD

2015-03-26 * "Sell shares of VHT"
  Assets:US:ETrade:VHT                                 -66 VHT {203.98 USD} @ 210.60 USD
  Assets:US:ETrade:Cash                           13890.65 USD
  Expenses:Financial:Commissions                      8.95 USD
  Income:US:ETrade:Gains                           -436.92 USD

2015-03-29 * "Buy shares of VHT"
  Assets:US:ETrade:Cash                           -3576.23 USD
  Assets:US:ETrade:VHT                                  17 VHT {209.84 USD}
  Expenses:Financial:Commissions                      8.95 USD

2015-03-29 * "Buy shares of ITOT"
  Assets:US:ETrade:Cash                           -3674.95 USD
  Assets:US:ETrade:ITOT                                 15 ITOT {244.40 USD}
  Expenses:Financial:Commissions                      8.95 USD

2015-03-29 * "Buy shares of GLD"
  Assets:US:ETrade:Cash                           -3659.83 USD
  Assets:US:ETrade:GLD                                  32 GLD {114.09 USD}
  Expenses:Financial:Commissions                      8.95 USD

2015-03-29 * "Buy shares of VEA"
  Assets:US:ETrade:Cash                           -3642.36 USD
  Assets:US:ETrade:VEA                                  17 VEA {213.73 USD}
  Expenses:Financial:Commissions                      8.95 USD

2015-04-11 * "Sell shares of ITOT"
  Assets:US:ETrade:ITOT                                -15 ITOT {244.40 USD} @ 246.04 USD
  Assets:US:ETrade:Cash                            3681.65 USD
  Expenses:Financial:Commissions                      8.95 USD
  Income:US:ETrade:Gains                            -24.60 USD

2015-04-14 * "Buy shares of VEA"
  Assets:US:ETrade:Cash                           -3882.55 USD
  Assets:US:ETrade:VEA                                  18 VEA {215.20 USD}
  Expenses:Financial:Commissions                      8.95 USD

2015-06-18 * "Dividends on portfolio"
  Assets:US:ETrade:Cash                             194.17 USD
  Income:US:ETrade:Dividends                       -194.17 USD

2015-06-30 * "Sell shares of GLD"
  Assets:US:ETrade:GLD                                 -29 GLD {107.16 USD} @ 120.32 USD
  Assets:US:ETrade:Cash                            3480.33 USD
  Expenses:Financial:Commissions                      8.95 USD
  Income:US:ETrade:Gains                           -381.64 USD

2015-07-01 * "Buy shares of ITOT"
  Assets:US:ETrade:Cash                           -1469.47 USD
  Assets:US:ETrade:ITOT                                  6 ITOT {243.42 USD}
  Expenses:Financial:Commissions                      8.95 USD

2015-07-01 * "Buy shares of VHT"
  Assets:US:ETrade:Cash                           -1549.16 USD
  Assets:US:ETrade:VHT                                   7 VHT {220.03 USD}
  Expenses:Financial:Commissions                      8.95 USD

2015-07-13 * "Sell shares of VHT"
  Assets:US:ETrade:VHT                                  -7 VHT {220.03 USD} @ 217.33 USD
  Assets:US:ETrade:Cash                            1512.36 USD
  Expenses:Financial:Commissions                      8.95 USD
  Income:US:ETrade:Gains                             18.90 USD

2015-07-19 * "Buy shares of VEA"
  Assets:US:ETrade:Cash                            -452.57 USD
  Assets:US:ETrade:VEA                                   2 VEA {221.81 USD}
  Expenses:Financial:Commissions                      8.95 USD

2015-07-19 * "Buy shares of GLD"
  Assets:US:ETrade:Cash                            -486.59 USD
  Assets:US:ETrade:GLD                                   4 GLD {119.41 USD}
  Expenses:Financial:Commissions                      8.95 USD

2015-07-19 * "Buy shares of ITOT"
  Assets:US:ETrade:Cash                            -502.51 USD
  Assets:US:ETrade:ITOT                                  2 ITOT {246.78 USD}
  Expenses:Financial:Commissions                      8.95 USD

2015-07-19 * "Buy shares of VHT"
  Assets:US:ETrade:Cash                            -440.21 USD
  Assets:US:ETrade:VHT                                   2 VHT {215.63 USD}
  Expenses:Financial:Commissions                      8.95 USD

2015-09-18 * "Dividends on portfolio"
  Assets:US:ETrade:Cash                             213.55 USD
  Income:US:ETrade:Dividends                       -213.55 USD

2015-09-21 * "Buy shares of VHT"
  Assets:US:ETrade:Cash                           -2429.61 USD
  Assets:US:ETrade:VHT                                  11 VHT {220.06 USD}
  Expenses:Financial:Commissions                      8.95 USD

2015-09-21 * "Buy shares of GLD"
  Assets:US:ETrade:Cash                           -2504.17 USD
  Assets:US:ETrade:GLD                                  21 GLD {118.82 USD}
  Expenses:Financial:Commissions                      8.95 USD

2015-10-15 * "Sell shares of VEA"
  Assets:US:ETrade:VEA                                 -17 VEA {213.73 USD} @ 231.76 USD
  Assets:US:ETrade:Cash                            3930.97 USD
  Expenses:Financial:Commissions                      8.95 USD
  Income:US:ETrade:Gains                           -306.51 USD

2015-11-04 * "Buy shares of GLD"
  Assets:US:ETrade:Cash                           -4204.21 USD
  Assets:US:ETrade:GLD                                  34 GLD {123.39 USD}
  Expenses:Financial:Commissions                      8.95 USD

2015-11-04 * "Buy shares of VHT"
  Assets:US:ETrade:Cash                           -4268.18 USD
  Assets:US:ETrade:VHT                                  19 VHT {224.17 USD}
  Expenses:Financial:Commissions                      8.95 USD



* Vanguard Investments

2013-01-01 open Assets:US:Vanguard:Cash                       USD
2013-01-01 open Assets:US:Vanguard:VBMPX                     VBMPX
2013-01-01 open Assets:US:Vanguard:RGAGX                     RGAGX
2013-01-01 open Income:US:Hoogle:Match401k                   USD

2013-01-04 * "Employer match for contribution"
  Assets:US:Vanguard:Cash                           600.00 USD
  Income:US:Hoogle:Match401k                       -600.00 USD

2013-01-07 * "Investing 40% of cash in VBMPX"
  Assets:US:Vanguard:VBMPX                           3.512 VBMPX {136.66 USD}
  Assets:US:Vanguard:Cash                          -479.95 USD

2013-01-07 * "Investing 60% of cash in RGAGX"
  Assets:US:Vanguard:RGAGX                           4.348 RGAGX {165.58 USD}
  Assets:US:Vanguard:Cash                          -719.94 USD

2013-01-07 * "Investing 40% of cash in VBMPX"
  Assets:US:Vanguard:VBMPX                           1.757 VBMPX {136.66 USD}
  Assets:US:Vanguard:Cash                          -240.11 USD

2013-01-07 * "Investing 60% of cash in RGAGX"
  Assets:US:Vanguard:RGAGX                           2.175 RGAGX {165.58 USD}
  Assets:US:Vanguard:Cash                          -360.14 USD

2013-01-18 * "Employer match for contribution"
  Assets:US:Vanguard:Cash                           600.00 USD
  Income:US:Hoogle:Match401k                       -600.00 USD

2013-01-21 * "Investing 40% of cash in VBMPX"
  Assets:US:Vanguard:VBMPX                           3.490 VBMPX {137.53 USD}
  Assets:US:Vanguard:Cash                          -479.98 USD

2013-01-21 * "Investing 60% of cash in RGAGX"
  Assets:US:Vanguard:RGAGX                           4.343 RGAGX {165.77 USD}
  Assets:US:Vanguard:Cash                          -719.94 USD

2013-01-21 * "Investing 40% of cash in VBMPX"
  Assets:US:Vanguard:VBMPX                           1.745 VBMPX {137.53 USD}
  Assets:US:Vanguard:Cash                          -239.99 USD

2013-01-21 * "Investing 60% of cash in RGAGX"
  Assets:US:Vanguard:RGAGX                           2.171 RGAGX {165.77 USD}
  Assets:US:Vanguard:Cash                          -359.89 USD

2013-02-01 * "Employer match for contribution"
  Assets:US:Vanguard:Cash                           600.00 USD
  Income:US:Hoogle:Match401k                       -600.00 USD

2013-02-04 * "Investing 40% of cash in VBMPX"
  Assets:US:Vanguard:VBMPX                           3.526 VBMPX {136.13 USD}
  Assets:US:Vanguard:Cash                          -479.99 USD

2013-02-04 * "Investing 60% of cash in RGAGX"
  Assets:US:Vanguard:RGAGX                           4.392 RGAGX {163.96 USD}
  Assets:US:Vanguard:Cash                          -720.11 USD

2013-02-04 * "Investing 40% of cash in VBMPX"
  Assets:US:Vanguard:VBMPX                           1.763 VBMPX {136.13 USD}
  Assets:US:Vanguard:Cash                          -240.00 USD

2013-02-04 * "Investing 60% of cash in RGAGX"
  Assets:US:Vanguard:RGAGX                           2.196 RGAGX {163.96 USD}
  Assets:US:Vanguard:Cash                          -360.06 USD

2013-02-15 * "Employer match for contribution"
  Assets:US:Vanguard:Cash                           600.00 USD
  Income:US:Hoogle:Match401k                       -600.00 USD

2013-02-18 * "Investing 40% of cash in VBMPX"
  Assets:US:Vanguard:VBMPX                           3.517 VBMPX {136.47 USD}
  Assets:US:Vanguard:Cash                          -479.96 USD

2013-02-18 * "Investing 60% of cash in RGAGX"
  Assets:US:Vanguard:RGAGX                           4.488 RGAGX {160.43 USD}
  Assets:US:Vanguard:Cash                          -720.01 USD

2013-02-18 * "Investing 40% of cash in VBMPX"
  Assets:US:Vanguard:VBMPX                           1.758 VBMPX {136.47 USD}
  Assets:US:Vanguard:Cash                          -239.91 USD

2013-02-18 * "Investing 60% of cash in RGAGX"
  Assets:US:Vanguard:RGAGX                           2.244 RGAGX {160.43 USD}
  Assets:US:Vanguard:Cash                          -360.00 USD

2013-03-01 * "Employer match for contribution"
  Assets:US:Vanguard:Cash                           600.00 USD
  Income:US:Hoogle:Match401k                       -600.00 USD

2013-03-04 * "Investing 40% of cash in VBMPX"
  Assets:US:Vanguard:VBMPX                           3.533 VBMPX {135.87 USD}
  Assets:US:Vanguard:Cash                          -480.03 USD

2013-03-04 * "Investing 60% of cash in RGAGX"
  Assets:US:Vanguard:RGAGX                           4.555 RGAGX {158.06 USD}
  Assets:US:Vanguard:Cash                          -719.96 USD

2013-03-04 * "Investing 40% of cash in VBMPX"
  Assets:US:Vanguard:VBMPX                           1.766 VBMPX {135.87 USD}
  Assets:US:Vanguard:Cash                          -239.95 USD

2013-03-04 * "Investing 60% of cash in RGAGX"
  Assets:US:Vanguard:RGAGX                           2.278 RGAGX {158.06 USD}
  Assets:US:Vanguard:Cash                          -360.06 USD

2013-03-15 * "Employer match for contribution"
  Assets:US:Vanguard:Cash                           600.00 USD
  Income:US:Hoogle:Match401k                       -600.00 USD

2013-03-18 * "Investing 40% of cash in VBMPX"
  Assets:US:Vanguard:VBMPX                           3.523 VBMPX {136.26 USD}
  Assets:US:Vanguard:Cash                          -480.04 USD

2013-03-18 * "Investing 60% of cash in RGAGX"
  Assets:US:Vanguard:RGAGX                           4.491 RGAGX {160.33 USD}
  Assets:US:Vanguard:Cash                          -720.04 USD

2013-03-18 * "Investing 40% of cash in VBMPX"
  Assets:US:Vanguard:VBMPX                           1.761 VBMPX {136.26 USD}
  Assets:US:Vanguard:Cash                          -239.95 USD

2013-03-18 * "Investing 60% of cash in RGAGX"
  Assets:US:Vanguard:RGAGX                           2.245 RGAGX {160.33 USD}
  Assets:US:Vanguard:Cash                          -359.94 USD

2013-03-29 * "Employer match for contribution"
  Assets:US:Vanguard:Cash                           600.00 USD
  Income:US:Hoogle:Match401k                       -600.00 USD

2013-04-01 * "Investing 40% of cash in VBMPX"
  Assets:US:Vanguard:VBMPX                           3.532 VBMPX {135.91 USD}
  Assets:US:Vanguard:Cash                          -480.03 USD

2013-04-01 * "Investing 60% of cash in RGAGX"
  Assets:US:Vanguard:RGAGX                           4.489 RGAGX {160.41 USD}
  Assets:US:Vanguard:Cash                          -720.08 USD

2013-04-01 * "Investing 40% of cash in VBMPX"
  Assets:US:Vanguard:VBMPX                           1.766 VBMPX {135.91 USD}
  Assets:US:Vanguard:Cash                          -240.02 USD

2013-04-01 * "Investing 60% of cash in RGAGX"
  Assets:US:Vanguard:RGAGX                           2.244 RGAGX {160.41 USD}
  Assets:US:Vanguard:Cash                          -359.96 USD

2013-04-12 * "Employer match for contribution"
  Assets:US:Vanguard:Cash                           600.00 USD
  Income:US:Hoogle:Match401k                       -600.00 USD

2013-04-15 * "Investing 40% of cash in VBMPX"
  Assets:US:Vanguard:VBMPX                           3.587 VBMPX {133.81 USD}
  Assets:US:Vanguard:Cash                          -479.98 USD

2013-04-15 * "Investing 60% of cash in RGAGX"
  Assets:US:Vanguard:RGAGX                           4.533 RGAGX {158.84 USD}
  Assets:US:Vanguard:Cash                          -720.02 USD

2013-04-15 * "Investing 40% of cash in VBMPX"
  Assets:US:Vanguard:VBMPX                           1.793 VBMPX {133.81 USD}
  Assets:US:Vanguard:Cash                          -239.92 USD

2013-04-15 * "Investing 60% of cash in RGAGX"
  Assets:US:Vanguard:RGAGX                           2.266 RGAGX {158.84 USD}
  Assets:US:Vanguard:Cash                          -359.93 USD

2013-04-26 * "Employer match for contribution"
  Assets:US:Vanguard:Cash                           600.00 USD
  Income:US:Hoogle:Match401k                       -600.00 USD

2013-04-29 * "Investing 40% of cash in VBMPX"
  Assets:US:Vanguard:VBMPX                           3.611 VBMPX {132.95 USD}
  Assets:US:Vanguard:Cash                          -480.08 USD

2013-04-29 * "Investing 60% of cash in RGAGX"
  Assets:US:Vanguard:RGAGX                           4.593 RGAGX {156.78 USD}
  Assets:US:Vanguard:Cash                          -720.09 USD

2013-04-29 * "Investing 40% of cash in VBMPX"
  Assets:US:Vanguard:VBMPX                           1.805 VBMPX {132.95 USD}
  Assets:US:Vanguard:Cash                          -239.97 USD

2013-04-29 * "Investing 60% of cash in RGAGX"
  Assets:US:Vanguard:RGAGX                           2.296 RGAGX {156.78 USD}
  Assets:US:Vanguard:Cash                          -359.97 USD

2013-05-10 * "Employer match for contribution"
  Assets:US:Vanguard:Cash                           600.00 USD
  Income:US:Hoogle:Match401k                       -600.00 USD

2013-05-13 * "Investing 40% of cash in VBMPX"
  Assets:US:Vanguard:VBMPX                           3.575 VBMPX {134.26 USD}
  Assets:US:Vanguard:Cash                          -479.98 USD

2013-05-13 * "Investing 60% of cash in RGAGX"
  Assets:US:Vanguard:RGAGX                           4.573 RGAGX {157.45 USD}
  Assets:US:Vanguard:Cash                          -720.02 USD

2013-05-13 * "Investing 40% of cash in VBMPX"
  Assets:US:Vanguard:VBMPX                           1.788 VBMPX {134.26 USD}
  Assets:US:Vanguard:Cash                          -240.06 USD

2013-05-13 * "Investing 60% of cash in RGAGX"
  Assets:US:Vanguard:RGAGX                           2.286 RGAGX {157.45 USD}
  Assets:US:Vanguard:Cash                          -359.93 USD

2013-05-24 * "Employer match for contribution"
  Assets:US:Vanguard:Cash                           600.00 USD
  Income:US:Hoogle:Match401k                       -600.00 USD

2013-05-27 * "Investing 40% of cash in VBMPX"
  Assets:US:Vanguard:VBMPX                           3.620 VBMPX {132.59 USD}
  Assets:US:Vanguard:Cash                          -479.98 USD

2013-05-27 * "Investing 60% of cash in RGAGX"
  Assets:US:Vanguard:RGAGX                           4.417 RGAGX {163.00 USD}
  Assets:US:Vanguard:Cash                          -719.97 USD

2013-05-27 * "Investing 40% of cash in VBMPX"
  Assets:US:Vanguard:VBMPX                           1.810 VBMPX {132.59 USD}
  Assets:US:Vanguard:Cash                          -239.99 USD

2013-05-27 * "Investing 60% of cash in RGAGX"
  Assets:US:Vanguard:RGAGX                           2.209 RGAGX {163.00 USD}
  Assets:US:Vanguard:Cash                          -360.07 USD

2013-06-07 * "Employer match for contribution"
  Assets:US:Vanguard:Cash                           600.00 USD
  Income:US:Hoogle:Match401k                       -600.00 USD

2013-06-10 * "Investing 40% of cash in VBMPX"
  Assets:US:Vanguard:VBMPX                           3.611 VBMPX {132.93 USD}
  Assets:US:Vanguard:Cash                          -480.01 USD

2013-06-10 * "Investing 60% of cash in RGAGX"
  Assets:US:Vanguard:RGAGX                           4.362 RGAGX {165.07 USD}
  Assets:US:Vanguard:Cash                          -720.04 USD

2013-06-10 * "Investing 40% of cash in VBMPX"
  Assets:US:Vanguard:VBMPX                           1.805 VBMPX {132.93 USD}
  Assets:US:Vanguard:Cash                          -239.94 USD

2013-06-10 * "Investing 60% of cash in RGAGX"
  Assets:US:Vanguard:RGAGX                           2.181 RGAGX {165.07 USD}
  Assets:US:Vanguard:Cash                          -360.02 USD

2013-06-21 * "Employer match for contribution"
  Assets:US:Vanguard:Cash                           600.00 USD
  Income:US:Hoogle:Match401k                       -600.00 USD

2013-06-24 * "Investing 40% of cash in VBMPX"
  Assets:US:Vanguard:VBMPX                           3.650 VBMPX {131.50 USD}
  Assets:US:Vanguard:Cash                          -479.98 USD

2013-06-24 * "Investing 60% of cash in RGAGX"
  Assets:US:Vanguard:RGAGX                           4.503 RGAGX {159.90 USD}
  Assets:US:Vanguard:Cash                          -720.03 USD

2013-06-24 * "Investing 40% of cash in VBMPX"
  Assets:US:Vanguard:VBMPX                           1.825 VBMPX {131.50 USD}
  Assets:US:Vanguard:Cash                          -239.99 USD

2013-06-24 * "Investing 60% of cash in RGAGX"
  Assets:US:Vanguard:RGAGX                           2.251 RGAGX {159.90 USD}
  Assets:US:Vanguard:Cash                          -359.93 USD

2013-07-05 * "Employer match for contribution"
  Assets:US:Vanguard:Cash                           600.00 USD
  Income:US:Hoogle:Match401k                       -600.00 USD

2013-07-08 * "Investing 40% of cash in VBMPX"
  Assets:US:Vanguard:VBMPX                           3.616 VBMPX {132.75 USD}
  Assets:US:Vanguard:Cash                          -480.02 USD

2013-07-08 * "Investing 60% of cash in RGAGX"
  Assets:US:Vanguard:RGAGX                           4.465 RGAGX {161.27 USD}
  Assets:US:Vanguard:Cash                          -720.07 USD

2013-07-08 * "Investing 40% of cash in VBMPX"
  Assets:US:Vanguard:VBMPX                           1.808 VBMPX {132.75 USD}
  Assets:US:Vanguard:Cash                          -240.01 USD

2013-07-08 * "Investing 60% of cash in RGAGX"
  Assets:US:Vanguard:RGAGX                           2.232 RGAGX {161.27 USD}
  Assets:US:Vanguard:Cash                          -359.95 USD

2013-07-19 * "Employer match for contribution"
  Assets:US:Vanguard:Cash                           350.00 USD
  Income:US:Hoogle:Match401k                       -350.00 USD

2013-07-22 * "Investing 40% of cash in VBMPX"
  Assets:US:Vanguard:VBMPX                           2.113 VBMPX {132.51 USD}
  Assets:US:Vanguard:Cash                          -279.99 USD

2013-07-22 * "Investing 60% of cash in RGAGX"
  Assets:US:Vanguard:RGAGX                           2.564 RGAGX {163.82 USD}
  Assets:US:Vanguard:Cash                          -420.03 USD

2013-07-22 * "Investing 40% of cash in VBMPX"
  Assets:US:Vanguard:VBMPX                           1.056 VBMPX {132.51 USD}
  Assets:US:Vanguard:Cash                          -139.93 USD

2013-07-22 * "Investing 60% of cash in RGAGX"
  Assets:US:Vanguard:RGAGX                           1.282 RGAGX {163.82 USD}
  Assets:US:Vanguard:Cash                          -210.02 USD

2014-01-03 * "Employer match for contribution"
  Assets:US:Vanguard:Cash                           600.00 USD
  Income:US:Hoogle:Match401k                       -600.00 USD

2014-01-06 * "Investing 40% of cash in VBMPX"
  Assets:US:Vanguard:VBMPX                           3.479 VBMPX {137.99 USD}
  Assets:US:Vanguard:Cash                          -480.07 USD

2014-01-06 * "Investing 60% of cash in RGAGX"
  Assets:US:Vanguard:RGAGX                           5.003 RGAGX {143.92 USD}
  Assets:US:Vanguard:Cash                          -720.03 USD

2014-01-06 * "Investing 40% of cash in VBMPX"
  Assets:US:Vanguard:VBMPX                           1.739 VBMPX {137.99 USD}
  Assets:US:Vanguard:Cash                          -239.96 USD

2014-01-06 * "Investing 60% of cash in RGAGX"
  Assets:US:Vanguard:RGAGX                           2.501 RGAGX {143.92 USD}
  Assets:US:Vanguard:Cash                          -359.94 USD

2014-01-17 * "Employer match for contribution"
  Assets:US:Vanguard:Cash                           600.00 USD
  Income:US:Hoogle:Match401k                       -600.00 USD

2014-01-20 * "Investing 40% of cash in VBMPX"
  Assets:US:Vanguard:VBMPX                           3.427 VBMPX {140.08 USD}
  Assets:US:Vanguard:Cash                          -480.05 USD

2014-01-20 * "Investing 60% of cash in RGAGX"
  Assets:US:Vanguard:RGAGX                           4.893 RGAGX {147.15 USD}
  Assets:US:Vanguard:Cash                          -720.00 USD

2014-01-20 * "Investing 40% of cash in VBMPX"
  Assets:US:Vanguard:VBMPX                           1.713 VBMPX {140.08 USD}
  Assets:US:Vanguard:Cash                          -239.96 USD

2014-01-20 * "Investing 60% of cash in RGAGX"
  Assets:US:Vanguard:RGAGX                           2.446 RGAGX {147.15 USD}
  Assets:US:Vanguard:Cash                          -359.93 USD

2014-01-31 * "Employer match for contribution"
  Assets:US:Vanguard:Cash                           600.00 USD
  Income:US:Hoogle:Match401k                       -600.00 USD

2014-02-03 * "Investing 40% of cash in VBMPX"
  Assets:US:Vanguard:VBMPX                           3.390 VBMPX {141.60 USD}
  Assets:US:Vanguard:Cash                          -480.02 USD

2014-02-03 * "Investing 60% of cash in RGAGX"
  Assets:US:Vanguard:RGAGX                           5.036 RGAGX {142.99 USD}
  Assets:US:Vanguard:Cash                          -720.10 USD

2014-02-03 * "Investing 40% of cash in VBMPX"
  Assets:US:Vanguard:VBMPX                           1.695 VBMPX {141.60 USD}
  Assets:US:Vanguard:Cash                          -240.01 USD

2014-02-03 * "Investing 60% of cash in RGAGX"
  Assets:US:Vanguard:RGAGX                           2.518 RGAGX {142.99 USD}
  Assets:US:Vanguard:Cash                          -360.05 USD

2014-02-14 * "Employer match for contribution"
  Assets:US:Vanguard:Cash                           600.00 USD
  Income:US:Hoogle:Match401k                       -600.00 USD

2014-02-17 * "Investing 40% of cash in VBMPX"
  Assets:US:Vanguard:VBMPX                           3.434 VBMPX {139.76 USD}
  Assets:US:Vanguard:Cash                          -479.94 USD

2014-02-17 * "Investing 60% of cash in RGAGX"
  Assets:US:Vanguard:RGAGX                           5.057 RGAGX {142.38 USD}
  Assets:US:Vanguard:Cash                          -720.02 USD

2014-02-17 * "Investing 40% of cash in VBMPX"
  Assets:US:Vanguard:VBMPX                           1.717 VBMPX {139.76 USD}
  Assets:US:Vanguard:Cash                          -239.97 USD

2014-02-17 * "Investing 60% of cash in RGAGX"
  Assets:US:Vanguard:RGAGX                           2.528 RGAGX {142.38 USD}
  Assets:US:Vanguard:Cash                          -359.94 USD

2014-02-28 * "Employer match for contribution"
  Assets:US:Vanguard:Cash                           600.00 USD
  Income:US:Hoogle:Match401k                       -600.00 USD

2014-03-03 * "Investing 40% of cash in VBMPX"
  Assets:US:Vanguard:VBMPX                           3.326 VBMPX {144.31 USD}
  Assets:US:Vanguard:Cash                          -479.98 USD

2014-03-03 * "Investing 60% of cash in RGAGX"
  Assets:US:Vanguard:RGAGX                           4.920 RGAGX {146.35 USD}
  Assets:US:Vanguard:Cash                          -720.04 USD

2014-03-03 * "Investing 40% of cash in VBMPX"
  Assets:US:Vanguard:VBMPX                           1.663 VBMPX {144.31 USD}
  Assets:US:Vanguard:Cash                          -239.99 USD

2014-03-03 * "Investing 60% of cash in RGAGX"
  Assets:US:Vanguard:RGAGX                           2.460 RGAGX {146.35 USD}
  Assets:US:Vanguard:Cash                          -360.02 USD

2014-03-14 * "Employer match for contribution"
  Assets:US:Vanguard:Cash                           600.00 USD
  Income:US:Hoogle:Match401k                       -600.00 USD

2014-03-17 * "Investing 40% of cash in VBMPX"
  Assets:US:Vanguard:VBMPX                           3.326 VBMPX {144.32 USD}
  Assets:US:Vanguard:Cash                          -480.01 USD

2014-03-17 * "Investing 60% of cash in RGAGX"
  Assets:US:Vanguard:RGAGX                           4.950 RGAGX {145.46 USD}
  Assets:US:Vanguard:Cash                          -720.03 USD

2014-03-17 * "Investing 40% of cash in VBMPX"
  Assets:US:Vanguard:VBMPX                           1.663 VBMPX {144.32 USD}
  Assets:US:Vanguard:Cash                          -240.00 USD

2014-03-17 * "Investing 60% of cash in RGAGX"
  Assets:US:Vanguard:RGAGX                           2.475 RGAGX {145.46 USD}
  Assets:US:Vanguard:Cash                          -360.01 USD

2014-03-28 * "Employer match for contribution"
  Assets:US:Vanguard:Cash                           600.00 USD
  Income:US:Hoogle:Match401k                       -600.00 USD

2014-03-31 * "Investing 40% of cash in VBMPX"
  Assets:US:Vanguard:VBMPX                           3.343 VBMPX {143.60 USD}
  Assets:US:Vanguard:Cash                          -480.05 USD

2014-03-31 * "Investing 60% of cash in RGAGX"
  Assets:US:Vanguard:RGAGX                           4.913 RGAGX {146.55 USD}
  Assets:US:Vanguard:Cash                          -720.00 USD

2014-03-31 * "Investing 40% of cash in VBMPX"
  Assets:US:Vanguard:VBMPX                           1.671 VBMPX {143.60 USD}
  Assets:US:Vanguard:Cash                          -239.96 USD

2014-03-31 * "Investing 60% of cash in RGAGX"
  Assets:US:Vanguard:RGAGX                           2.456 RGAGX {146.55 USD}
  Assets:US:Vanguard:Cash                          -359.93 USD

2014-04-11 * "Employer match for contribution"
  Assets:US:Vanguard:Cash                           600.00 USD
  Income:US:Hoogle:Match401k                       -600.00 USD

2014-04-14 * "Investing 40% of cash in VBMPX"
  Assets:US:Vanguard:VBMPX                           3.303 VBMPX {145.31 USD}
  Assets:US:Vanguard:Cash                          -479.96 USD

2014-04-14 * "Investing 60% of cash in RGAGX"
  Assets:US:Vanguard:RGAGX                           4.922 RGAGX {146.28 USD}
  Assets:US:Vanguard:Cash                          -719.99 USD

2014-04-14 * "Investing 40% of cash in VBMPX"
  Assets:US:Vanguard:VBMPX                           1.652 VBMPX {145.31 USD}
  Assets:US:Vanguard:Cash                          -240.05 USD

2014-04-14 * "Investing 60% of cash in RGAGX"
  Assets:US:Vanguard:RGAGX                           2.461 RGAGX {146.28 USD}
  Assets:US:Vanguard:Cash                          -360.00 USD

2014-04-25 * "Employer match for contribution"
  Assets:US:Vanguard:Cash                           600.00 USD
  Income:US:Hoogle:Match401k                       -600.00 USD

2014-04-28 * "Investing 40% of cash in VBMPX"
  Assets:US:Vanguard:VBMPX                           3.301 VBMPX {145.41 USD}
  Assets:US:Vanguard:Cash                          -480.00 USD

2014-04-28 * "Investing 60% of cash in RGAGX"
  Assets:US:Vanguard:RGAGX                           4.783 RGAGX {150.55 USD}
  Assets:US:Vanguard:Cash                          -720.08 USD

2014-04-28 * "Investing 40% of cash in VBMPX"
  Assets:US:Vanguard:VBMPX                           1.650 VBMPX {145.41 USD}
  Assets:US:Vanguard:Cash                          -239.93 USD

2014-04-28 * "Investing 60% of cash in RGAGX"
  Assets:US:Vanguard:RGAGX                           2.391 RGAGX {150.55 USD}
  Assets:US:Vanguard:Cash                          -359.97 USD

2014-05-09 * "Employer match for contribution"
  Assets:US:Vanguard:Cash                           600.00 USD
  Income:US:Hoogle:Match401k                       -600.00 USD

2014-05-12 * "Investing 40% of cash in VBMPX"
  Assets:US:Vanguard:VBMPX                           3.263 VBMPX {147.13 USD}
  Assets:US:Vanguard:Cash                          -480.09 USD

2014-05-12 * "Investing 60% of cash in RGAGX"
  Assets:US:Vanguard:RGAGX                           4.783 RGAGX {150.55 USD}
  Assets:US:Vanguard:Cash                          -720.08 USD

2014-05-12 * "Investing 40% of cash in VBMPX"
  Assets:US:Vanguard:VBMPX                           1.631 VBMPX {147.13 USD}
  Assets:US:Vanguard:Cash                          -239.97 USD

2014-05-12 * "Investing 60% of cash in RGAGX"
  Assets:US:Vanguard:RGAGX                           2.391 RGAGX {150.55 USD}
  Assets:US:Vanguard:Cash                          -359.97 USD

2014-05-23 * "Employer match for contribution"
  Assets:US:Vanguard:Cash                           600.00 USD
  Income:US:Hoogle:Match401k                       -600.00 USD

2014-05-26 * "Investing 40% of cash in VBMPX"
  Assets:US:Vanguard:VBMPX                           3.285 VBMPX {146.09 USD}
  Assets:US:Vanguard:Cash                          -479.91 USD

2014-05-26 * "Investing 60% of cash in RGAGX"
  Assets:US:Vanguard:RGAGX                           4.872 RGAGX {147.79 USD}
  Assets:US:Vanguard:Cash                          -720.03 USD

2014-05-26 * "Investing 40% of cash in VBMPX"
  Assets:US:Vanguard:VBMPX                           1.643 VBMPX {146.09 USD}
  Assets:US:Vanguard:Cash                          -240.03 USD

2014-05-26 * "Investing 60% of cash in RGAGX"
  Assets:US:Vanguard:RGAGX                           2.436 RGAGX {147.79 USD}
  Assets:US:Vanguard:Cash                          -360.02 USD

2014-06-06 * "Employer match for contribution"
  Assets:US:Vanguard:Cash                           600.00 USD
  Income:US:Hoogle:Match401k                       -600.00 USD

2014-06-09 * "Investing 40% of cash in VBMPX"
  Assets:US:Vanguard:VBMPX                           3.275 VBMPX {146.56 USD}
  Assets:US:Vanguard:Cash                          -479.98 USD

2014-06-09 * "Investing 60% of cash in RGAGX"
  Assets:US:Vanguard:RGAGX                           4.912 RGAGX {146.57 USD}
  Assets:US:Vanguard:Cash                          -719.95 USD

2014-06-09 * "Investing 40% of cash in VBMPX"
  Assets:US:Vanguard:VBMPX                           1.638 VBMPX {146.56 USD}
  Assets:US:Vanguard:Cash                          -240.07 USD

2014-06-09 * "Investing 60% of cash in RGAGX"
  Assets:US:Vanguard:RGAGX                           2.456 RGAGX {146.57 USD}
  Assets:US:Vanguard:Cash                          -359.98 USD

2014-06-20 * "Employer match for contribution"
  Assets:US:Vanguard:Cash                           600.00 USD
  Income:US:Hoogle:Match401k                       -600.00 USD

2014-06-23 * "Investing 40% of cash in VBMPX"
  Assets:US:Vanguard:VBMPX                           3.257 VBMPX {147.37 USD}
  Assets:US:Vanguard:Cash                          -479.98 USD

2014-06-23 * "Investing 60% of cash in RGAGX"
  Assets:US:Vanguard:RGAGX                           4.951 RGAGX {145.41 USD}
  Assets:US:Vanguard:Cash                          -719.92 USD

2014-06-23 * "Investing 40% of cash in VBMPX"
  Assets:US:Vanguard:VBMPX                           1.629 VBMPX {147.37 USD}
  Assets:US:Vanguard:Cash                          -240.07 USD

2014-06-23 * "Investing 60% of cash in RGAGX"
  Assets:US:Vanguard:RGAGX                           2.476 RGAGX {145.41 USD}
  Assets:US:Vanguard:Cash                          -360.04 USD

2014-07-04 * "Employer match for contribution"
  Assets:US:Vanguard:Cash                           600.00 USD
  Income:US:Hoogle:Match401k                       -600.00 USD

2014-07-07 * "Investing 40% of cash in VBMPX"
  Assets:US:Vanguard:VBMPX                           3.247 VBMPX {147.84 USD}
  Assets:US:Vanguard:Cash                          -480.04 USD

2014-07-07 * "Investing 60% of cash in RGAGX"
  Assets:US:Vanguard:RGAGX                           4.783 RGAGX {150.52 USD}
  Assets:US:Vanguard:Cash                          -719.94 USD

2014-07-07 * "Investing 40% of cash in VBMPX"
  Assets:US:Vanguard:VBMPX                           1.623 VBMPX {147.84 USD}
  Assets:US:Vanguard:Cash                          -239.94 USD

2014-07-07 * "Investing 60% of cash in RGAGX"
  Assets:US:Vanguard:RGAGX                           2.392 RGAGX {150.52 USD}
  Assets:US:Vanguard:Cash                          -360.04 USD

2014-07-18 * "Employer match for contribution"
  Assets:US:Vanguard:Cash                           350.00 USD
  Income:US:Hoogle:Match401k                       -350.00 USD

2014-07-21 * "Investing 40% of cash in VBMPX"
  Assets:US:Vanguard:VBMPX                           1.895 VBMPX {147.74 USD}
  Assets:US:Vanguard:Cash                          -279.97 USD

2014-07-21 * "Investing 60% of cash in RGAGX"
  Assets:US:Vanguard:RGAGX                           2.858 RGAGX {146.98 USD}
  Assets:US:Vanguard:Cash                          -420.07 USD

2014-07-21 * "Investing 40% of cash in VBMPX"
  Assets:US:Vanguard:VBMPX                           0.948 VBMPX {147.74 USD}
  Assets:US:Vanguard:Cash                          -140.06 USD

2014-07-21 * "Investing 60% of cash in RGAGX"
  Assets:US:Vanguard:RGAGX                           1.429 RGAGX {146.98 USD}
  Assets:US:Vanguard:Cash                          -210.03 USD

2015-01-02 * "Employer match for contribution"
  Assets:US:Vanguard:Cash                           600.00 USD
  Income:US:Hoogle:Match401k                       -600.00 USD

2015-01-05 * "Investing 40% of cash in VBMPX"
  Assets:US:Vanguard:VBMPX                           3.220 VBMPX {149.04 USD}
  Assets:US:Vanguard:Cash                          -479.91 USD

2015-01-05 * "Investing 60% of cash in RGAGX"
  Assets:US:Vanguard:RGAGX                           4.820 RGAGX {149.37 USD}
  Assets:US:Vanguard:Cash                          -719.96 USD

2015-01-05 * "Investing 40% of cash in VBMPX"
  Assets:US:Vanguard:VBMPX                           1.610 VBMPX {149.04 USD}
  Assets:US:Vanguard:Cash                          -239.95 USD

2015-01-05 * "Investing 60% of cash in RGAGX"
  Assets:US:Vanguard:RGAGX                           2.410 RGAGX {149.37 USD}
  Assets:US:Vanguard:Cash                          -359.98 USD

2015-01-16 * "Employer match for contribution"
  Assets:US:Vanguard:Cash                           600.00 USD
  Income:US:Hoogle:Match401k                       -600.00 USD

2015-01-19 * "Investing 40% of cash in VBMPX"
  Assets:US:Vanguard:VBMPX                           3.186 VBMPX {150.65 USD}
  Assets:US:Vanguard:Cash                          -479.97 USD

2015-01-19 * "Investing 60% of cash in RGAGX"
  Assets:US:Vanguard:RGAGX                           4.804 RGAGX {149.89 USD}
  Assets:US:Vanguard:Cash                          -720.07 USD

2015-01-19 * "Investing 40% of cash in VBMPX"
  Assets:US:Vanguard:VBMPX                           1.593 VBMPX {150.65 USD}
  Assets:US:Vanguard:Cash                          -239.99 USD

2015-01-19 * "Investing 60% of cash in RGAGX"
  Assets:US:Vanguard:RGAGX                           2.402 RGAGX {149.89 USD}
  Assets:US:Vanguard:Cash                          -360.04 USD

2015-01-30 * "Employer match for contribution"
  Assets:US:Vanguard:Cash                           600.00 USD
  Income:US:Hoogle:Match401k                       -600.00 USD

2015-02-02 * "Investing 40% of cash in VBMPX"
  Assets:US:Vanguard:VBMPX                           3.206 VBMPX {149.72 USD}
  Assets:US:Vanguard:Cash                          -480.00 USD

2015-02-02 * "Investing 60% of cash in RGAGX"
  Assets:US:Vanguard:RGAGX                           4.885 RGAGX {147.38 USD}
  Assets:US:Vanguard:Cash                          -719.95 USD

2015-02-02 * "Investing 40% of cash in VBMPX"
  Assets:US:Vanguard:VBMPX                           1.603 VBMPX {149.72 USD}
  Assets:US:Vanguard:Cash                          -240.00 USD

2015-02-02 * "Investing 60% of cash in RGAGX"
  Assets:US:Vanguard:RGAGX                           2.443 RGAGX {147.38 USD}
  Assets:US:Vanguard:Cash                          -360.05 USD

2015-02-13 * "Employer match for contribution"
  Assets:US:Vanguard:Cash                           600.00 USD
  Income:US:Hoogle:Match401k                       -600.00 USD

2015-02-16 * "Investing 40% of cash in VBMPX"
  Assets:US:Vanguard:VBMPX                           3.217 VBMPX {149.22 USD}
  Assets:US:Vanguard:Cash                          -480.04 USD

2015-02-16 * "Investing 60% of cash in RGAGX"
  Assets:US:Vanguard:RGAGX                           4.899 RGAGX {146.97 USD}
  Assets:US:Vanguard:Cash                          -720.01 USD

2015-02-16 * "Investing 40% of cash in VBMPX"
  Assets:US:Vanguard:VBMPX                           1.608 VBMPX {149.22 USD}
  Assets:US:Vanguard:Cash                          -239.95 USD

2015-02-16 * "Investing 60% of cash in RGAGX"
  Assets:US:Vanguard:RGAGX                           2.449 RGAGX {146.97 USD}
  Assets:US:Vanguard:Cash                          -359.93 USD

2015-02-27 * "Employer match for contribution"
  Assets:US:Vanguard:Cash                           600.00 USD
  Income:US:Hoogle:Match401k                       -600.00 USD

2015-03-02 * "Investing 40% of cash in VBMPX"
  Assets:US:Vanguard:VBMPX                           3.173 VBMPX {151.29 USD}
  Assets:US:Vanguard:Cash                          -480.04 USD

2015-03-02 * "Investing 60% of cash in RGAGX"
  Assets:US:Vanguard:RGAGX                           5.000 RGAGX {144.02 USD}
  Assets:US:Vanguard:Cash                          -720.10 USD

2015-03-02 * "Investing 40% of cash in VBMPX"
  Assets:US:Vanguard:VBMPX                           1.586 VBMPX {151.29 USD}
  Assets:US:Vanguard:Cash                          -239.95 USD

2015-03-02 * "Investing 60% of cash in RGAGX"
  Assets:US:Vanguard:RGAGX                           2.499 RGAGX {144.02 USD}
  Assets:US:Vanguard:Cash                          -359.91 USD

2015-03-13 * "Employer match for contribution"
  Assets:US:Vanguard:Cash                           600.00 USD
  Income:US:Hoogle:Match401k                       -600.00 USD

2015-03-16 * "Investing 40% of cash in VBMPX"
  Assets:US:Vanguard:VBMPX                           3.156 VBMPX {152.10 USD}
  Assets:US:Vanguard:Cash                          -480.03 USD

2015-03-16 * "Investing 60% of cash in RGAGX"
  Assets:US:Vanguard:RGAGX                           5.087 RGAGX {141.55 USD}
  Assets:US:Vanguard:Cash                          -720.06 USD

2015-03-16 * "Investing 40% of cash in VBMPX"
  Assets:US:Vanguard:VBMPX                           1.578 VBMPX {152.10 USD}
  Assets:US:Vanguard:Cash                          -240.01 USD

2015-03-16 * "Investing 60% of cash in RGAGX"
  Assets:US:Vanguard:RGAGX                           2.543 RGAGX {141.55 USD}
  Assets:US:Vanguard:Cash                          -359.96 USD

2015-03-27 * "Employer match for contribution"
  Assets:US:Vanguard:Cash                           600.00 USD
  Income:US:Hoogle:Match401k                       -600.00 USD

2015-03-30 * "Investing 40% of cash in VBMPX"
  Assets:US:Vanguard:VBMPX                           3.114 VBMPX {154.14 USD}
  Assets:US:Vanguard:Cash                          -479.99 USD

2015-03-30 * "Investing 60% of cash in RGAGX"
  Assets:US:Vanguard:RGAGX                           5.132 RGAGX {140.29 USD}
  Assets:US:Vanguard:Cash                          -719.97 USD

2015-03-30 * "Investing 40% of cash in VBMPX"
  Assets:US:Vanguard:VBMPX                           1.557 VBMPX {154.14 USD}
  Assets:US:Vanguard:Cash                          -240.00 USD

2015-03-30 * "Investing 60% of cash in RGAGX"
  Assets:US:Vanguard:RGAGX                           2.566 RGAGX {140.29 USD}
  Assets:US:Vanguard:Cash                          -359.98 USD

2015-04-10 * "Employer match for contribution"
  Assets:US:Vanguard:Cash                           600.00 USD
  Income:US:Hoogle:Match401k                       -600.00 USD

2015-04-13 * "Investing 40% of cash in VBMPX"
  Assets:US:Vanguard:VBMPX                           3.117 VBMPX {154.02 USD}
  Assets:US:Vanguard:Cash                          -480.08 USD

2015-04-13 * "Investing 60% of cash in RGAGX"
  Assets:US:Vanguard:RGAGX                           5.029 RGAGX {143.17 USD}
  Assets:US:Vanguard:Cash                          -720.00 USD

2015-04-13 * "Investing 40% of cash in VBMPX"
  Assets:US:Vanguard:VBMPX                           1.558 VBMPX {154.02 USD}
  Assets:US:Vanguard:Cash                          -239.96 USD

2015-04-13 * "Investing 60% of cash in RGAGX"
  Assets:US:Vanguard:RGAGX                           2.514 RGAGX {143.17 USD}
  Assets:US:Vanguard:Cash                          -359.93 USD

2015-04-24 * "Employer match for contribution"
  Assets:US:Vanguard:Cash                           600.00 USD
  Income:US:Hoogle:Match401k                       -600.00 USD

2015-04-27 * "Investing 40% of cash in VBMPX"
  Assets:US:Vanguard:VBMPX                           3.118 VBMPX {153.97 USD}
  Assets:US:Vanguard:Cash                          -480.08 USD

2015-04-27 * "Investing 60% of cash in RGAGX"
  Assets:US:Vanguard:RGAGX                           4.968 RGAGX {144.93 USD}
  Assets:US:Vanguard:Cash                          -720.01 USD

2015-04-27 * "Investing 40% of cash in VBMPX"
  Assets:US:Vanguard:VBMPX                           1.559 VBMPX {153.97 USD}
  Assets:US:Vanguard:Cash                          -240.04 USD

2015-04-27 * "Investing 60% of cash in RGAGX"
  Assets:US:Vanguard:RGAGX                           2.484 RGAGX {144.93 USD}
  Assets:US:Vanguard:Cash                          -360.01 USD

2015-05-08 * "Employer match for contribution"
  Assets:US:Vanguard:Cash                           600.00 USD
  Income:US:Hoogle:Match401k                       -600.00 USD

2015-05-11 * "Investing 40% of cash in VBMPX"
  Assets:US:Vanguard:VBMPX                           3.120 VBMPX {153.82 USD}
  Assets:US:Vanguard:Cash                          -479.92 USD

2015-05-11 * "Investing 60% of cash in RGAGX"
  Assets:US:Vanguard:RGAGX                           4.917 RGAGX {146.43 USD}
  Assets:US:Vanguard:Cash                          -720.00 USD

2015-05-11 * "Investing 40% of cash in VBMPX"
  Assets:US:Vanguard:VBMPX                           1.560 VBMPX {153.82 USD}
  Assets:US:Vanguard:Cash                          -239.96 USD

2015-05-11 * "Investing 60% of cash in RGAGX"
  Assets:US:Vanguard:RGAGX                           2.459 RGAGX {146.43 USD}
  Assets:US:Vanguard:Cash                          -360.07 USD

2015-05-22 * "Employer match for contribution"
  Assets:US:Vanguard:Cash                           600.00 USD
  Income:US:Hoogle:Match401k                       -600.00 USD

2015-05-25 * "Investing 40% of cash in VBMPX"
  Assets:US:Vanguard:VBMPX                           3.152 VBMPX {152.29 USD}
  Assets:US:Vanguard:Cash                          -480.02 USD

2015-05-25 * "Investing 60% of cash in RGAGX"
  Assets:US:Vanguard:RGAGX                           4.838 RGAGX {148.82 USD}
  Assets:US:Vanguard:Cash                          -719.99 USD

2015-05-25 * "Investing 40% of cash in VBMPX"
  Assets:US:Vanguard:VBMPX                           1.576 VBMPX {152.29 USD}
  Assets:US:Vanguard:Cash                          -240.01 USD

2015-05-25 * "Investing 60% of cash in RGAGX"
  Assets:US:Vanguard:RGAGX                           2.419 RGAGX {148.82 USD}
  Assets:US:Vanguard:Cash                          -360.00 USD

2015-06-05 * "Employer match for contribution"
  Assets:US:Vanguard:Cash                           600.00 USD
  Income:US:Hoogle:Match401k                       -600.00 USD

2015-06-08 * "Investing 40% of cash in VBMPX"
  Assets:US:Vanguard:VBMPX                           3.137 VBMPX {153.03 USD}
  Assets:US:Vanguard:Cash                          -480.06 USD

2015-06-08 * "Investing 60% of cash in RGAGX"
  Assets:US:Vanguard:RGAGX                           4.860 RGAGX {148.16 USD}
  Assets:US:Vanguard:Cash                          -720.06 USD

2015-06-08 * "Investing 40% of cash in VBMPX"
  Assets:US:Vanguard:VBMPX                           1.568 VBMPX {153.03 USD}
  Assets:US:Vanguard:Cash                          -239.95 USD

2015-06-08 * "Investing 60% of cash in RGAGX"
  Assets:US:Vanguard:RGAGX                           2.429 RGAGX {148.16 USD}
  Assets:US:Vanguard:Cash                          -359.88 USD

2015-06-19 * "Employer match for contribution"
  Assets:US:Vanguard:Cash                           600.00 USD
  Income:US:Hoogle:Match401k                       -600.00 USD

2015-06-22 * "Investing 40% of cash in VBMPX"
  Assets:US:Vanguard:VBMPX                           3.119 VBMPX {153.92 USD}
  Assets:US:Vanguard:Cash                          -480.08 USD

2015-06-22 * "Investing 60% of cash in RGAGX"
  Assets:US:Vanguard:RGAGX                           5.012 RGAGX {143.65 USD}
  Assets:US:Vanguard:Cash                          -719.97 USD

2015-06-22 * "Investing 40% of cash in VBMPX"
  Assets:US:Vanguard:VBMPX                           1.559 VBMPX {153.92 USD}
  Assets:US:Vanguard:Cash                          -239.96 USD

2015-06-22 * "Investing 60% of cash in RGAGX"
  Assets:US:Vanguard:RGAGX                           2.506 RGAGX {143.65 USD}
  Assets:US:Vanguard:Cash                          -359.99 USD

2015-07-03 * "Employer match for contribution"
  Assets:US:Vanguard:Cash                           600.00 USD
  Income:US:Hoogle:Match401k                       -600.00 USD

2015-07-06 * "Investing 40% of cash in VBMPX"
  Assets:US:Vanguard:VBMPX                           3.120 VBMPX {153.87 USD}
  Assets:US:Vanguard:Cash                          -480.07 USD

2015-07-06 * "Investing 60% of cash in RGAGX"
  Assets:US:Vanguard:RGAGX                           5.082 RGAGX {141.68 USD}
  Assets:US:Vanguard:Cash                          -720.02 USD

2015-07-06 * "Investing 40% of cash in VBMPX"
  Assets:US:Vanguard:VBMPX                           1.560 VBMPX {153.87 USD}
  Assets:US:Vanguard:Cash                          -240.04 USD

2015-07-06 * "Investing 60% of cash in RGAGX"
  Assets:US:Vanguard:RGAGX                           2.541 RGAGX {141.68 USD}
  Assets:US:Vanguard:Cash                          -360.01 USD

2015-07-17 * "Employer match for contribution"
  Assets:US:Vanguard:Cash                           600.00 USD
  Income:US:Hoogle:Match401k                       -600.00 USD

2015-07-20 * "Investing 40% of cash in VBMPX"
  Assets:US:Vanguard:VBMPX                           3.134 VBMPX {153.14 USD}
  Assets:US:Vanguard:Cash                          -479.94 USD

2015-07-20 * "Investing 60% of cash in RGAGX"
  Assets:US:Vanguard:RGAGX                           5.079 RGAGX {141.76 USD}
  Assets:US:Vanguard:Cash                          -720.00 USD

2015-07-20 * "Investing 40% of cash in VBMPX"
  Assets:US:Vanguard:VBMPX                           1.567 VBMPX {153.14 USD}
  Assets:US:Vanguard:Cash                          -239.97 USD

2015-07-20 * "Investing 60% of cash in RGAGX"
  Assets:US:Vanguard:RGAGX                           2.539 RGAGX {141.76 USD}
  Assets:US:Vanguard:Cash                          -359.93 USD



* Sources of Income

2013-01-01 open Income:US:Hoogle:Salary                      USD
2013-01-01 open Income:US:Hoogle:GroupTermLife               USD
2013-01-01 open Income:US:Hoogle:Vacation                    VACHR
2013-01-01 open Assets:US:Hoogle:Vacation                    VACHR
2013-01-01 open Expenses:Vacation                               VACHR
2013-01-01 open Expenses:Health:Life:GroupTermLife
2013-01-01 open Expenses:Health:Medical:Insurance
2013-01-01 open Expenses:Health:Dental:Insurance
2013-01-01 open Expenses:Health:Vision:Insurance

2013-01-01 event "employer" "Hoogle, 1600 Amphibious Parkway, River View, CA"

2013-01-03 * "Hoogle" | "Payroll"
  Assets:US:BofA:Checking                          1350.60 USD
  Assets:US:Vanguard:Cash                          1200.00 USD
  Assets:US:Federal:PreTax401k                    -1200.00 IRAUSD
  Expenses:Taxes:Y2013:US:Federal:PreTax401k       1200.00 IRAUSD
  Income:US:Hoogle:Salary                         -4615.38 USD
  Income:US:Hoogle:GroupTermLife                    -24.32 USD
  Expenses:Health:Life:GroupTermLife                 24.32 USD
  Expenses:Health:Dental:Insurance                    2.90 USD
  Expenses:Health:Medical:Insurance                  27.38 USD
  Expenses:Health:Vision:Insurance                   42.30 USD
  Expenses:Taxes:Y2013:US:Medicare                  106.62 USD
  Expenses:Taxes:Y2013:US:Federal                  1062.92 USD
  Expenses:Taxes:Y2013:US:State                     365.08 USD
  Expenses:Taxes:Y2013:US:CityNYC                   174.92 USD
  Expenses:Taxes:Y2013:US:SDI                         1.12 USD
  Expenses:Taxes:Y2013:US:SocSec                    281.54 USD
  Assets:US:Hoogle:Vacation                              5 VACHR
  Income:US:Hoogle:Vacation                             -5 VACHR

2013-01-17 * "Hoogle" | "Payroll"
  Assets:US:BofA:Checking                          1350.60 USD
  Assets:US:Vanguard:Cash                          1200.00 USD
  Assets:US:Federal:PreTax401k                    -1200.00 IRAUSD
  Expenses:Taxes:Y2013:US:Federal:PreTax401k       1200.00 IRAUSD
  Income:US:Hoogle:Salary                         -4615.38 USD
  Income:US:Hoogle:GroupTermLife                    -24.32 USD
  Expenses:Health:Life:GroupTermLife                 24.32 USD
  Expenses:Health:Dental:Insurance                    2.90 USD
  Expenses:Health:Medical:Insurance                  27.38 USD
  Expenses:Health:Vision:Insurance                   42.30 USD
  Expenses:Taxes:Y2013:US:Medicare                  106.62 USD
  Expenses:Taxes:Y2013:US:Federal                  1062.92 USD
  Expenses:Taxes:Y2013:US:State                     365.08 USD
  Expenses:Taxes:Y2013:US:CityNYC                   174.92 USD
  Expenses:Taxes:Y2013:US:SDI                         1.12 USD
  Expenses:Taxes:Y2013:US:SocSec                    281.54 USD
  Assets:US:Hoogle:Vacation                              5 VACHR
  Income:US:Hoogle:Vacation                             -5 VACHR

2013-01-31 * "Hoogle" | "Payroll"
  Assets:US:BofA:Checking                          1350.60 USD
  Assets:US:Vanguard:Cash                          1200.00 USD
  Assets:US:Federal:PreTax401k                    -1200.00 IRAUSD
  Expenses:Taxes:Y2013:US:Federal:PreTax401k       1200.00 IRAUSD
  Income:US:Hoogle:Salary                         -4615.38 USD
  Income:US:Hoogle:GroupTermLife                    -24.32 USD
  Expenses:Health:Life:GroupTermLife                 24.32 USD
  Expenses:Health:Dental:Insurance                    2.90 USD
  Expenses:Health:Medical:Insurance                  27.38 USD
  Expenses:Health:Vision:Insurance                   42.30 USD
  Expenses:Taxes:Y2013:US:Medicare                  106.62 USD
  Expenses:Taxes:Y2013:US:Federal                  1062.92 USD
  Expenses:Taxes:Y2013:US:State                     365.08 USD
  Expenses:Taxes:Y2013:US:CityNYC                   174.92 USD
  Expenses:Taxes:Y2013:US:SDI                         1.12 USD
  Expenses:Taxes:Y2013:US:SocSec                    281.54 USD
  Assets:US:Hoogle:Vacation                              5 VACHR
  Income:US:Hoogle:Vacation                             -5 VACHR

2013-02-14 * "Hoogle" | "Payroll"
  Assets:US:BofA:Checking                          1350.60 USD
  Assets:US:Vanguard:Cash                          1200.00 USD
  Assets:US:Federal:PreTax401k                    -1200.00 IRAUSD
  Expenses:Taxes:Y2013:US:Federal:PreTax401k       1200.00 IRAUSD
  Income:US:Hoogle:Salary                         -4615.38 USD
  Income:US:Hoogle:GroupTermLife                    -24.32 USD
  Expenses:Health:Life:GroupTermLife                 24.32 USD
  Expenses:Health:Dental:Insurance                    2.90 USD
  Expenses:Health:Medical:Insurance                  27.38 USD
  Expenses:Health:Vision:Insurance                   42.30 USD
  Expenses:Taxes:Y2013:US:Medicare                  106.62 USD
  Expenses:Taxes:Y2013:US:Federal                  1062.92 USD
  Expenses:Taxes:Y2013:US:State                     365.08 USD
  Expenses:Taxes:Y2013:US:CityNYC                   174.92 USD
  Expenses:Taxes:Y2013:US:SDI                         1.12 USD
  Expenses:Taxes:Y2013:US:SocSec                    281.54 USD
  Assets:US:Hoogle:Vacation                              5 VACHR
  Income:US:Hoogle:Vacation                             -5 VACHR

2013-02-28 * "Hoogle" | "Payroll"
  Assets:US:BofA:Checking                          1350.60 USD
  Assets:US:Vanguard:Cash                          1200.00 USD
  Assets:US:Federal:PreTax401k                    -1200.00 IRAUSD
  Expenses:Taxes:Y2013:US:Federal:PreTax401k       1200.00 IRAUSD
  Income:US:Hoogle:Salary                         -4615.38 USD
  Income:US:Hoogle:GroupTermLife                    -24.32 USD
  Expenses:Health:Life:GroupTermLife                 24.32 USD
  Expenses:Health:Dental:Insurance                    2.90 USD
  Expenses:Health:Medical:Insurance                  27.38 USD
  Expenses:Health:Vision:Insurance                   42.30 USD
  Expenses:Taxes:Y2013:US:Medicare                  106.62 USD
  Expenses:Taxes:Y2013:US:Federal                  1062.92 USD
  Expenses:Taxes:Y2013:US:State                     365.08 USD
  Expenses:Taxes:Y2013:US:CityNYC                   174.92 USD
  Expenses:Taxes:Y2013:US:SDI                         1.12 USD
  Expenses:Taxes:Y2013:US:SocSec                    281.54 USD
  Assets:US:Hoogle:Vacation                              5 VACHR
  Income:US:Hoogle:Vacation                             -5 VACHR

2013-03-14 * "Hoogle" | "Payroll"
  Assets:US:BofA:Checking                          1350.60 USD
  Assets:US:Vanguard:Cash                          1200.00 USD
  Assets:US:Federal:PreTax401k                    -1200.00 IRAUSD
  Expenses:Taxes:Y2013:US:Federal:PreTax401k       1200.00 IRAUSD
  Income:US:Hoogle:Salary                         -4615.38 USD
  Income:US:Hoogle:GroupTermLife                    -24.32 USD
  Expenses:Health:Life:GroupTermLife                 24.32 USD
  Expenses:Health:Dental:Insurance                    2.90 USD
  Expenses:Health:Medical:Insurance                  27.38 USD
  Expenses:Health:Vision:Insurance                   42.30 USD
  Expenses:Taxes:Y2013:US:Medicare                  106.62 USD
  Expenses:Taxes:Y2013:US:Federal                  1062.92 USD
  Expenses:Taxes:Y2013:US:State                     365.08 USD
  Expenses:Taxes:Y2013:US:CityNYC                   174.92 USD
  Expenses:Taxes:Y2013:US:SDI                         1.12 USD
  Expenses:Taxes:Y2013:US:SocSec                    281.54 USD
  Assets:US:Hoogle:Vacation                              5 VACHR
  Income:US:Hoogle:Vacation                             -5 VACHR

2013-03-28 * "Hoogle" | "Payroll"
  Assets:US:BofA:Checking                          1350.60 USD
  Assets:US:Vanguard:Cash                          1200.00 USD
  Assets:US:Federal:PreTax401k                    -1200.00 IRAUSD
  Expenses:Taxes:Y2013:US:Federal:PreTax401k       1200.00 IRAUSD
  Income:US:Hoogle:Salary                         -4615.38 USD
  Income:US:Hoogle:GroupTermLife                    -24.32 USD
  Expenses:Health:Life:GroupTermLife                 24.32 USD
  Expenses:Health:Dental:Insurance                    2.90 USD
  Expenses:Health:Medical:Insurance                  27.38 USD
  Expenses:Health:Vision:Insurance                   42.30 USD
  Expenses:Taxes:Y2013:US:Medicare                  106.62 USD
  Expenses:Taxes:Y2013:US:Federal                  1062.92 USD
  Expenses:Taxes:Y2013:US:State                     365.08 USD
  Expenses:Taxes:Y2013:US:CityNYC                   174.92 USD
  Expenses:Taxes:Y2013:US:SDI                         1.12 USD
  Expenses:Taxes:Y2013:US:SocSec                    281.54 USD
  Assets:US:Hoogle:Vacation                              5 VACHR
  Income:US:Hoogle:Vacation                             -5 VACHR

2013-04-11 * "Hoogle" | "Payroll"
  Assets:US:BofA:Checking                          1350.60 USD
  Assets:US:Vanguard:Cash                          1200.00 USD
  Assets:US:Federal:PreTax401k                    -1200.00 IRAUSD
  Expenses:Taxes:Y2013:US:Federal:PreTax401k       1200.00 IRAUSD
  Income:US:Hoogle:Salary                         -4615.38 USD
  Income:US:Hoogle:GroupTermLife                    -24.32 USD
  Expenses:Health:Life:GroupTermLife                 24.32 USD
  Expenses:Health:Dental:Insurance                    2.90 USD
  Expenses:Health:Medical:Insurance                  27.38 USD
  Expenses:Health:Vision:Insurance                   42.30 USD
  Expenses:Taxes:Y2013:US:Medicare                  106.62 USD
  Expenses:Taxes:Y2013:US:Federal                  1062.92 USD
  Expenses:Taxes:Y2013:US:State                     365.08 USD
  Expenses:Taxes:Y2013:US:CityNYC                   174.92 USD
  Expenses:Taxes:Y2013:US:SDI                         1.12 USD
  Expenses:Taxes:Y2013:US:SocSec                    281.54 USD
  Assets:US:Hoogle:Vacation                              5 VACHR
  Income:US:Hoogle:Vacation                             -5 VACHR

2013-04-25 * "Hoogle" | "Payroll"
  Assets:US:BofA:Checking                          1350.60 USD
  Assets:US:Vanguard:Cash                          1200.00 USD
  Assets:US:Federal:PreTax401k                    -1200.00 IRAUSD
  Expenses:Taxes:Y2013:US:Federal:PreTax401k       1200.00 IRAUSD
  Income:US:Hoogle:Salary                         -4615.38 USD
  Income:US:Hoogle:GroupTermLife                    -24.32 USD
  Expenses:Health:Life:GroupTermLife                 24.32 USD
  Expenses:Health:Dental:Insurance                    2.90 USD
  Expenses:Health:Medical:Insurance                  27.38 USD
  Expenses:Health:Vision:Insurance                   42.30 USD
  Expenses:Taxes:Y2013:US:Medicare                  106.62 USD
  Expenses:Taxes:Y2013:US:Federal                  1062.92 USD
  Expenses:Taxes:Y2013:US:State                     365.08 USD
  Expenses:Taxes:Y2013:US:CityNYC                   174.92 USD
  Expenses:Taxes:Y2013:US:SDI                         1.12 USD
  Expenses:Taxes:Y2013:US:SocSec                    281.54 USD
  Assets:US:Hoogle:Vacation                              5 VACHR
  Income:US:Hoogle:Vacation                             -5 VACHR

2013-05-09 * "Hoogle" | "Payroll"
  Assets:US:BofA:Checking                          1350.60 USD
  Assets:US:Vanguard:Cash                          1200.00 USD
  Assets:US:Federal:PreTax401k                    -1200.00 IRAUSD
  Expenses:Taxes:Y2013:US:Federal:PreTax401k       1200.00 IRAUSD
  Income:US:Hoogle:Salary                         -4615.38 USD
  Income:US:Hoogle:GroupTermLife                    -24.32 USD
  Expenses:Health:Life:GroupTermLife                 24.32 USD
  Expenses:Health:Dental:Insurance                    2.90 USD
  Expenses:Health:Medical:Insurance                  27.38 USD
  Expenses:Health:Vision:Insurance                   42.30 USD
  Expenses:Taxes:Y2013:US:Medicare                  106.62 USD
  Expenses:Taxes:Y2013:US:Federal                  1062.92 USD
  Expenses:Taxes:Y2013:US:State                     365.08 USD
  Expenses:Taxes:Y2013:US:CityNYC                   174.92 USD
  Expenses:Taxes:Y2013:US:SDI                         1.12 USD
  Expenses:Taxes:Y2013:US:SocSec                    281.54 USD
  Assets:US:Hoogle:Vacation                              5 VACHR
  Income:US:Hoogle:Vacation                             -5 VACHR

2013-05-23 * "Hoogle" | "Payroll"
  Assets:US:BofA:Checking                          1350.60 USD
  Assets:US:Vanguard:Cash                          1200.00 USD
  Assets:US:Federal:PreTax401k                    -1200.00 IRAUSD
  Expenses:Taxes:Y2013:US:Federal:PreTax401k       1200.00 IRAUSD
  Income:US:Hoogle:Salary                         -4615.38 USD
  Income:US:Hoogle:GroupTermLife                    -24.32 USD
  Expenses:Health:Life:GroupTermLife                 24.32 USD
  Expenses:Health:Dental:Insurance                    2.90 USD
  Expenses:Health:Medical:Insurance                  27.38 USD
  Expenses:Health:Vision:Insurance                   42.30 USD
  Expenses:Taxes:Y2013:US:Medicare                  106.62 USD
  Expenses:Taxes:Y2013:US:Federal                  1062.92 USD
  Expenses:Taxes:Y2013:US:State                     365.08 USD
  Expenses:Taxes:Y2013:US:CityNYC                   174.92 USD
  Expenses:Taxes:Y2013:US:SDI                         1.12 USD
  Expenses:Taxes:Y2013:US:SocSec                    281.54 USD
  Assets:US:Hoogle:Vacation                              5 VACHR
  Income:US:Hoogle:Vacation                             -5 VACHR

2013-06-06 * "Hoogle" | "Payroll"
  Assets:US:BofA:Checking                          1350.60 USD
  Assets:US:Vanguard:Cash                          1200.00 USD
  Assets:US:Federal:PreTax401k                    -1200.00 IRAUSD
  Expenses:Taxes:Y2013:US:Federal:PreTax401k       1200.00 IRAUSD
  Income:US:Hoogle:Salary                         -4615.38 USD
  Income:US:Hoogle:GroupTermLife                    -24.32 USD
  Expenses:Health:Life:GroupTermLife                 24.32 USD
  Expenses:Health:Dental:Insurance                    2.90 USD
  Expenses:Health:Medical:Insurance                  27.38 USD
  Expenses:Health:Vision:Insurance                   42.30 USD
  Expenses:Taxes:Y2013:US:Medicare                  106.62 USD
  Expenses:Taxes:Y2013:US:Federal                  1062.92 USD
  Expenses:Taxes:Y2013:US:State                     365.08 USD
  Expenses:Taxes:Y2013:US:CityNYC                   174.92 USD
  Expenses:Taxes:Y2013:US:SDI                         1.12 USD
  Expenses:Taxes:Y2013:US:SocSec                    281.54 USD
  Assets:US:Hoogle:Vacation                              5 VACHR
  Income:US:Hoogle:Vacation                             -5 VACHR

2013-06-20 * "Hoogle" | "Payroll"
  Assets:US:BofA:Checking                          1350.60 USD
  Assets:US:Vanguard:Cash                          1200.00 USD
  Assets:US:Federal:PreTax401k                    -1200.00 IRAUSD
  Expenses:Taxes:Y2013:US:Federal:PreTax401k       1200.00 IRAUSD
  Income:US:Hoogle:Salary                         -4615.38 USD
  Income:US:Hoogle:GroupTermLife                    -24.32 USD
  Expenses:Health:Life:GroupTermLife                 24.32 USD
  Expenses:Health:Dental:Insurance                    2.90 USD
  Expenses:Health:Medical:Insurance                  27.38 USD
  Expenses:Health:Vision:Insurance                   42.30 USD
  Expenses:Taxes:Y2013:US:Medicare                  106.62 USD
  Expenses:Taxes:Y2013:US:Federal                  1062.92 USD
  Expenses:Taxes:Y2013:US:State                     365.08 USD
  Expenses:Taxes:Y2013:US:CityNYC                   174.92 USD
  Expenses:Taxes:Y2013:US:SDI                         1.12 USD
  Expenses:Taxes:Y2013:US:SocSec                    281.54 USD
  Assets:US:Hoogle:Vacation                              5 VACHR
  Income:US:Hoogle:Vacation                             -5 VACHR

2013-07-04 * "Hoogle" | "Payroll"
  Assets:US:BofA:Checking                          1350.60 USD
  Assets:US:Vanguard:Cash                          1200.00 USD
  Assets:US:Federal:PreTax401k                    -1200.00 IRAUSD
  Expenses:Taxes:Y2013:US:Federal:PreTax401k       1200.00 IRAUSD
  Income:US:Hoogle:Salary                         -4615.38 USD
  Income:US:Hoogle:GroupTermLife                    -24.32 USD
  Expenses:Health:Life:GroupTermLife                 24.32 USD
  Expenses:Health:Dental:Insurance                    2.90 USD
  Expenses:Health:Medical:Insurance                  27.38 USD
  Expenses:Health:Vision:Insurance                   42.30 USD
  Expenses:Taxes:Y2013:US:Medicare                  106.62 USD
  Expenses:Taxes:Y2013:US:Federal                  1062.92 USD
  Expenses:Taxes:Y2013:US:State                     365.08 USD
  Expenses:Taxes:Y2013:US:CityNYC                   174.92 USD
  Expenses:Taxes:Y2013:US:SDI                         1.12 USD
  Expenses:Taxes:Y2013:US:SocSec                    281.54 USD
  Assets:US:Hoogle:Vacation                              5 VACHR
  Income:US:Hoogle:Vacation                             -5 VACHR

2013-07-18 * "Hoogle" | "Payroll"
  Assets:US:BofA:Checking                          1850.60 USD
  Assets:US:Vanguard:Cash                           700.00 USD
  Assets:US:Federal:PreTax401k                     -700.00 IRAUSD
  Expenses:Taxes:Y2013:US:Federal:PreTax401k        700.00 IRAUSD
  Income:US:Hoogle:Salary                         -4615.38 USD
  Income:US:Hoogle:GroupTermLife                    -24.32 USD
  Expenses:Health:Life:GroupTermLife                 24.32 USD
  Expenses:Health:Dental:Insurance                    2.90 USD
  Expenses:Health:Medical:Insurance                  27.38 USD
  Expenses:Health:Vision:Insurance                   42.30 USD
  Expenses:Taxes:Y2013:US:Medicare                  106.62 USD
  Expenses:Taxes:Y2013:US:Federal                  1062.92 USD
  Expenses:Taxes:Y2013:US:State                     365.08 USD
  Expenses:Taxes:Y2013:US:CityNYC                   174.92 USD
  Expenses:Taxes:Y2013:US:SDI                         1.12 USD
  Expenses:Taxes:Y2013:US:SocSec                    281.54 USD
  Assets:US:Hoogle:Vacation                              5 VACHR
  Income:US:Hoogle:Vacation                             -5 VACHR

2013-08-01 * "Hoogle" | "Payroll"
  Assets:US:BofA:Checking                          2550.60 USD
  Assets:US:Federal:PreTax401k                        0.00 IRAUSD
  Income:US:Hoogle:Salary                         -4615.38 USD
  Income:US:Hoogle:GroupTermLife                    -24.32 USD
  Expenses:Health:Life:GroupTermLife                 24.32 USD
  Expenses:Health:Dental:Insurance                    2.90 USD
  Expenses:Health:Medical:Insurance                  27.38 USD
  Expenses:Health:Vision:Insurance                   42.30 USD
  Expenses:Taxes:Y2013:US:Medicare                  106.62 USD
  Expenses:Taxes:Y2013:US:Federal                  1062.92 USD
  Expenses:Taxes:Y2013:US:State                     365.08 USD
  Expenses:Taxes:Y2013:US:CityNYC                   174.92 USD
  Expenses:Taxes:Y2013:US:SDI                         1.12 USD
  Expenses:Taxes:Y2013:US:SocSec                    281.54 USD
  Assets:US:Hoogle:Vacation                              5 VACHR
  Income:US:Hoogle:Vacation                             -5 VACHR

2013-08-15 * "Hoogle" | "Payroll"
  Assets:US:BofA:Checking                          2550.60 USD
  Assets:US:Federal:PreTax401k                        0.00 IRAUSD
  Income:US:Hoogle:Salary                         -4615.38 USD
  Income:US:Hoogle:GroupTermLife                    -24.32 USD
  Expenses:Health:Life:GroupTermLife                 24.32 USD
  Expenses:Health:Dental:Insurance                    2.90 USD
  Expenses:Health:Medical:Insurance                  27.38 USD
  Expenses:Health:Vision:Insurance                   42.30 USD
  Expenses:Taxes:Y2013:US:Medicare                  106.62 USD
  Expenses:Taxes:Y2013:US:Federal                  1062.92 USD
  Expenses:Taxes:Y2013:US:State                     365.08 USD
  Expenses:Taxes:Y2013:US:CityNYC                   174.92 USD
  Expenses:Taxes:Y2013:US:SDI                         1.12 USD
  Expenses:Taxes:Y2013:US:SocSec                    281.54 USD
  Assets:US:Hoogle:Vacation                              5 VACHR
  Income:US:Hoogle:Vacation                             -5 VACHR

2013-08-29 * "Hoogle" | "Payroll"
  Assets:US:BofA:Checking                          2550.60 USD
  Assets:US:Federal:PreTax401k                        0.00 IRAUSD
  Income:US:Hoogle:Salary                         -4615.38 USD
  Income:US:Hoogle:GroupTermLife                    -24.32 USD
  Expenses:Health:Life:GroupTermLife                 24.32 USD
  Expenses:Health:Dental:Insurance                    2.90 USD
  Expenses:Health:Medical:Insurance                  27.38 USD
  Expenses:Health:Vision:Insurance                   42.30 USD
  Expenses:Taxes:Y2013:US:Medicare                  106.62 USD
  Expenses:Taxes:Y2013:US:Federal                  1062.92 USD
  Expenses:Taxes:Y2013:US:State                     365.08 USD
  Expenses:Taxes:Y2013:US:CityNYC                   174.92 USD
  Expenses:Taxes:Y2013:US:SDI                         1.12 USD
  Expenses:Taxes:Y2013:US:SocSec                    281.54 USD
  Assets:US:Hoogle:Vacation                              5 VACHR
  Income:US:Hoogle:Vacation                             -5 VACHR

2013-09-12 * "Hoogle" | "Payroll"
  Assets:US:BofA:Checking                          2550.60 USD
  Assets:US:Federal:PreTax401k                        0.00 IRAUSD
  Income:US:Hoogle:Salary                         -4615.38 USD
  Income:US:Hoogle:GroupTermLife                    -24.32 USD
  Expenses:Health:Life:GroupTermLife                 24.32 USD
  Expenses:Health:Dental:Insurance                    2.90 USD
  Expenses:Health:Medical:Insurance                  27.38 USD
  Expenses:Health:Vision:Insurance                   42.30 USD
  Expenses:Taxes:Y2013:US:Medicare                  106.62 USD
  Expenses:Taxes:Y2013:US:Federal                  1062.92 USD
  Expenses:Taxes:Y2013:US:State                     365.08 USD
  Expenses:Taxes:Y2013:US:CityNYC                   174.92 USD
  Expenses:Taxes:Y2013:US:SDI                         1.12 USD
  Expenses:Taxes:Y2013:US:SocSec                    281.54 USD
  Assets:US:Hoogle:Vacation                              5 VACHR
  Income:US:Hoogle:Vacation                             -5 VACHR

2013-09-26 * "Hoogle" | "Payroll"
  Assets:US:BofA:Checking                          2550.60 USD
  Assets:US:Federal:PreTax401k                        0.00 IRAUSD
  Income:US:Hoogle:Salary                         -4615.38 USD
  Income:US:Hoogle:GroupTermLife                    -24.32 USD
  Expenses:Health:Life:GroupTermLife                 24.32 USD
  Expenses:Health:Dental:Insurance                    2.90 USD
  Expenses:Health:Medical:Insurance                  27.38 USD
  Expenses:Health:Vision:Insurance                   42.30 USD
  Expenses:Taxes:Y2013:US:Medicare                  106.62 USD
  Expenses:Taxes:Y2013:US:Federal                  1062.92 USD
  Expenses:Taxes:Y2013:US:State                     365.08 USD
  Expenses:Taxes:Y2013:US:CityNYC                   174.92 USD
  Expenses:Taxes:Y2013:US:SDI                         1.12 USD
  Expenses:Taxes:Y2013:US:SocSec                    281.54 USD
  Assets:US:Hoogle:Vacation                              5 VACHR
  Income:US:Hoogle:Vacation                             -5 VACHR

2013-10-10 * "Hoogle" | "Payroll"
  Assets:US:BofA:Checking                          2550.60 USD
  Assets:US:Federal:PreTax401k                        0.00 IRAUSD
  Income:US:Hoogle:Salary                         -4615.38 USD
  Income:US:Hoogle:GroupTermLife                    -24.32 USD
  Expenses:Health:Life:GroupTermLife                 24.32 USD
  Expenses:Health:Dental:Insurance                    2.90 USD
  Expenses:Health:Medical:Insurance                  27.38 USD
  Expenses:Health:Vision:Insurance                   42.30 USD
  Expenses:Taxes:Y2013:US:Medicare                  106.62 USD
  Expenses:Taxes:Y2013:US:Federal                  1062.92 USD
  Expenses:Taxes:Y2013:US:State                     365.08 USD
  Expenses:Taxes:Y2013:US:CityNYC                   174.92 USD
  Expenses:Taxes:Y2013:US:SDI                         1.12 USD
  Expenses:Taxes:Y2013:US:SocSec                    281.54 USD
  Assets:US:Hoogle:Vacation                              5 VACHR
  Income:US:Hoogle:Vacation                             -5 VACHR

2013-10-24 * "Hoogle" | "Payroll"
  Assets:US:BofA:Checking                          2550.60 USD
  Assets:US:Federal:PreTax401k                        0.00 IRAUSD
  Income:US:Hoogle:Salary                         -4615.38 USD
  Income:US:Hoogle:GroupTermLife                    -24.32 USD
  Expenses:Health:Life:GroupTermLife                 24.32 USD
  Expenses:Health:Dental:Insurance                    2.90 USD
  Expenses:Health:Medical:Insurance                  27.38 USD
  Expenses:Health:Vision:Insurance                   42.30 USD
  Expenses:Taxes:Y2013:US:Medicare                  106.62 USD
  Expenses:Taxes:Y2013:US:Federal                  1062.92 USD
  Expenses:Taxes:Y2013:US:State                     365.08 USD
  Expenses:Taxes:Y2013:US:CityNYC                   174.92 USD
  Expenses:Taxes:Y2013:US:SDI                         1.12 USD
  Expenses:Taxes:Y2013:US:SocSec                    281.54 USD
  Assets:US:Hoogle:Vacation                              5 VACHR
  Income:US:Hoogle:Vacation                             -5 VACHR

2013-11-07 * "Hoogle" | "Payroll"
  Assets:US:BofA:Checking                          2550.60 USD
  Assets:US:Federal:PreTax401k                        0.00 IRAUSD
  Income:US:Hoogle:Salary                         -4615.38 USD
  Income:US:Hoogle:GroupTermLife                    -24.32 USD
  Expenses:Health:Life:GroupTermLife                 24.32 USD
  Expenses:Health:Dental:Insurance                    2.90 USD
  Expenses:Health:Medical:Insurance                  27.38 USD
  Expenses:Health:Vision:Insurance                   42.30 USD
  Expenses:Taxes:Y2013:US:Medicare                  106.62 USD
  Expenses:Taxes:Y2013:US:Federal                  1062.92 USD
  Expenses:Taxes:Y2013:US:State                     365.08 USD
  Expenses:Taxes:Y2013:US:CityNYC                   174.92 USD
  Expenses:Taxes:Y2013:US:SDI                         1.12 USD
  Expenses:Taxes:Y2013:US:SocSec                    281.54 USD
  Assets:US:Hoogle:Vacation                              5 VACHR
  Income:US:Hoogle:Vacation                             -5 VACHR

2013-11-21 * "Hoogle" | "Payroll"
  Assets:US:BofA:Checking                          2550.60 USD
  Assets:US:Federal:PreTax401k                        0.00 IRAUSD
  Income:US:Hoogle:Salary                         -4615.38 USD
  Income:US:Hoogle:GroupTermLife                    -24.32 USD
  Expenses:Health:Life:GroupTermLife                 24.32 USD
  Expenses:Health:Dental:Insurance                    2.90 USD
  Expenses:Health:Medical:Insurance                  27.38 USD
  Expenses:Health:Vision:Insurance                   42.30 USD
  Expenses:Taxes:Y2013:US:Medicare                  106.62 USD
  Expenses:Taxes:Y2013:US:Federal                  1062.92 USD
  Expenses:Taxes:Y2013:US:State                     365.08 USD
  Expenses:Taxes:Y2013:US:CityNYC                   174.92 USD
  Expenses:Taxes:Y2013:US:SDI                         1.12 USD
  Expenses:Taxes:Y2013:US:SocSec                    281.54 USD
  Assets:US:Hoogle:Vacation                              5 VACHR
  Income:US:Hoogle:Vacation                             -5 VACHR

2013-12-05 * "Hoogle" | "Payroll"
  Assets:US:BofA:Checking                          2589.06 USD
  Assets:US:Federal:PreTax401k                        0.00 IRAUSD
  Income:US:Hoogle:Salary                         -4615.38 USD
  Income:US:Hoogle:GroupTermLife                    -24.32 USD
  Expenses:Health:Life:GroupTermLife                 24.32 USD
  Expenses:Health:Dental:Insurance                    2.90 USD
  Expenses:Health:Medical:Insurance                  27.38 USD
  Expenses:Health:Vision:Insurance                   42.30 USD
  Expenses:Taxes:Y2013:US:Medicare                  106.62 USD
  Expenses:Taxes:Y2013:US:Federal                  1062.92 USD
  Expenses:Taxes:Y2013:US:State                     365.08 USD
  Expenses:Taxes:Y2013:US:CityNYC                   174.92 USD
  Expenses:Taxes:Y2013:US:SDI                         1.12 USD
  Expenses:Taxes:Y2013:US:SocSec                    243.08 USD
  Assets:US:Hoogle:Vacation                              5 VACHR
  Income:US:Hoogle:Vacation                             -5 VACHR

2013-12-19 * "Hoogle" | "Payroll"
  Assets:US:BofA:Checking                          2832.14 USD
  Assets:US:Federal:PreTax401k                        0.00 IRAUSD
  Income:US:Hoogle:Salary                         -4615.38 USD
  Income:US:Hoogle:GroupTermLife                    -24.32 USD
  Expenses:Health:Life:GroupTermLife                 24.32 USD
  Expenses:Health:Dental:Insurance                    2.90 USD
  Expenses:Health:Medical:Insurance                  27.38 USD
  Expenses:Health:Vision:Insurance                   42.30 USD
  Expenses:Taxes:Y2013:US:Medicare                  106.62 USD
  Expenses:Taxes:Y2013:US:Federal                  1062.92 USD
  Expenses:Taxes:Y2013:US:State                     365.08 USD
  Expenses:Taxes:Y2013:US:CityNYC                   174.92 USD
  Expenses:Taxes:Y2013:US:SDI                         1.12 USD
  Expenses:Taxes:Y2013:US:SocSec                      0.00 USD
  Assets:US:Hoogle:Vacation                              5 VACHR
  Income:US:Hoogle:Vacation                             -5 VACHR

2014-01-02 * "Hoogle" | "Payroll"
  Assets:US:BofA:Checking                          1350.60 USD
  Assets:US:Vanguard:Cash                          1200.00 USD
  Assets:US:Federal:PreTax401k                    -1200.00 IRAUSD
  Expenses:Taxes:Y2014:US:Federal:PreTax401k       1200.00 IRAUSD
  Income:US:Hoogle:Salary                         -4615.38 USD
  Income:US:Hoogle:GroupTermLife                    -24.32 USD
  Expenses:Health:Life:GroupTermLife                 24.32 USD
  Expenses:Health:Dental:Insurance                    2.90 USD
  Expenses:Health:Medical:Insurance                  27.38 USD
  Expenses:Health:Vision:Insurance                   42.30 USD
  Expenses:Taxes:Y2014:US:Medicare                  106.62 USD
  Expenses:Taxes:Y2014:US:Federal                  1062.92 USD
  Expenses:Taxes:Y2014:US:State                     365.08 USD
  Expenses:Taxes:Y2014:US:CityNYC                   174.92 USD
  Expenses:Taxes:Y2014:US:SDI                         1.12 USD
  Expenses:Taxes:Y2014:US:SocSec                    281.54 USD
  Assets:US:Hoogle:Vacation                              5 VACHR
  Income:US:Hoogle:Vacation                             -5 VACHR

2014-01-16 * "Hoogle" | "Payroll"
  Assets:US:BofA:Checking                          1350.60 USD
  Assets:US:Vanguard:Cash                          1200.00 USD
  Assets:US:Federal:PreTax401k                    -1200.00 IRAUSD
  Expenses:Taxes:Y2014:US:Federal:PreTax401k       1200.00 IRAUSD
  Income:US:Hoogle:Salary                         -4615.38 USD
  Income:US:Hoogle:GroupTermLife                    -24.32 USD
  Expenses:Health:Life:GroupTermLife                 24.32 USD
  Expenses:Health:Dental:Insurance                    2.90 USD
  Expenses:Health:Medical:Insurance                  27.38 USD
  Expenses:Health:Vision:Insurance                   42.30 USD
  Expenses:Taxes:Y2014:US:Medicare                  106.62 USD
  Expenses:Taxes:Y2014:US:Federal                  1062.92 USD
  Expenses:Taxes:Y2014:US:State                     365.08 USD
  Expenses:Taxes:Y2014:US:CityNYC                   174.92 USD
  Expenses:Taxes:Y2014:US:SDI                         1.12 USD
  Expenses:Taxes:Y2014:US:SocSec                    281.54 USD
  Assets:US:Hoogle:Vacation                              5 VACHR
  Income:US:Hoogle:Vacation                             -5 VACHR

2014-01-30 * "Hoogle" | "Payroll"
  Assets:US:BofA:Checking                          1350.60 USD
  Assets:US:Vanguard:Cash                          1200.00 USD
  Assets:US:Federal:PreTax401k                    -1200.00 IRAUSD
  Expenses:Taxes:Y2014:US:Federal:PreTax401k       1200.00 IRAUSD
  Income:US:Hoogle:Salary                         -4615.38 USD
  Income:US:Hoogle:GroupTermLife                    -24.32 USD
  Expenses:Health:Life:GroupTermLife                 24.32 USD
  Expenses:Health:Dental:Insurance                    2.90 USD
  Expenses:Health:Medical:Insurance                  27.38 USD
  Expenses:Health:Vision:Insurance                   42.30 USD
  Expenses:Taxes:Y2014:US:Medicare                  106.62 USD
  Expenses:Taxes:Y2014:US:Federal                  1062.92 USD
  Expenses:Taxes:Y2014:US:State                     365.08 USD
  Expenses:Taxes:Y2014:US:CityNYC                   174.92 USD
  Expenses:Taxes:Y2014:US:SDI                         1.12 USD
  Expenses:Taxes:Y2014:US:SocSec                    281.54 USD
  Assets:US:Hoogle:Vacation                              5 VACHR
  Income:US:Hoogle:Vacation                             -5 VACHR

2014-02-13 * "Hoogle" | "Payroll"
  Assets:US:BofA:Checking                          1350.60 USD
  Assets:US:Vanguard:Cash                          1200.00 USD
  Assets:US:Federal:PreTax401k                    -1200.00 IRAUSD
  Expenses:Taxes:Y2014:US:Federal:PreTax401k       1200.00 IRAUSD
  Income:US:Hoogle:Salary                         -4615.38 USD
  Income:US:Hoogle:GroupTermLife                    -24.32 USD
  Expenses:Health:Life:GroupTermLife                 24.32 USD
  Expenses:Health:Dental:Insurance                    2.90 USD
  Expenses:Health:Medical:Insurance                  27.38 USD
  Expenses:Health:Vision:Insurance                   42.30 USD
  Expenses:Taxes:Y2014:US:Medicare                  106.62 USD
  Expenses:Taxes:Y2014:US:Federal                  1062.92 USD
  Expenses:Taxes:Y2014:US:State                     365.08 USD
  Expenses:Taxes:Y2014:US:CityNYC                   174.92 USD
  Expenses:Taxes:Y2014:US:SDI                         1.12 USD
  Expenses:Taxes:Y2014:US:SocSec                    281.54 USD
  Assets:US:Hoogle:Vacation                              5 VACHR
  Income:US:Hoogle:Vacation                             -5 VACHR

2014-02-27 * "Hoogle" | "Payroll"
  Assets:US:BofA:Checking                          1350.60 USD
  Assets:US:Vanguard:Cash                          1200.00 USD
  Assets:US:Federal:PreTax401k                    -1200.00 IRAUSD
  Expenses:Taxes:Y2014:US:Federal:PreTax401k       1200.00 IRAUSD
  Income:US:Hoogle:Salary                         -4615.38 USD
  Income:US:Hoogle:GroupTermLife                    -24.32 USD
  Expenses:Health:Life:GroupTermLife                 24.32 USD
  Expenses:Health:Dental:Insurance                    2.90 USD
  Expenses:Health:Medical:Insurance                  27.38 USD
  Expenses:Health:Vision:Insurance                   42.30 USD
  Expenses:Taxes:Y2014:US:Medicare                  106.62 USD
  Expenses:Taxes:Y2014:US:Federal                  1062.92 USD
  Expenses:Taxes:Y2014:US:State                     365.08 USD
  Expenses:Taxes:Y2014:US:CityNYC                   174.92 USD
  Expenses:Taxes:Y2014:US:SDI                         1.12 USD
  Expenses:Taxes:Y2014:US:SocSec                    281.54 USD
  Assets:US:Hoogle:Vacation                              5 VACHR
  Income:US:Hoogle:Vacation                             -5 VACHR

2014-03-13 * "Hoogle" | "Payroll"
  Assets:US:BofA:Checking                          1350.60 USD
  Assets:US:Vanguard:Cash                          1200.00 USD
  Assets:US:Federal:PreTax401k                    -1200.00 IRAUSD
  Expenses:Taxes:Y2014:US:Federal:PreTax401k       1200.00 IRAUSD
  Income:US:Hoogle:Salary                         -4615.38 USD
  Income:US:Hoogle:GroupTermLife                    -24.32 USD
  Expenses:Health:Life:GroupTermLife                 24.32 USD
  Expenses:Health:Dental:Insurance                    2.90 USD
  Expenses:Health:Medical:Insurance                  27.38 USD
  Expenses:Health:Vision:Insurance                   42.30 USD
  Expenses:Taxes:Y2014:US:Medicare                  106.62 USD
  Expenses:Taxes:Y2014:US:Federal                  1062.92 USD
  Expenses:Taxes:Y2014:US:State                     365.08 USD
  Expenses:Taxes:Y2014:US:CityNYC                   174.92 USD
  Expenses:Taxes:Y2014:US:SDI                         1.12 USD
  Expenses:Taxes:Y2014:US:SocSec                    281.54 USD
  Assets:US:Hoogle:Vacation                              5 VACHR
  Income:US:Hoogle:Vacation                             -5 VACHR

2014-03-27 * "Hoogle" | "Payroll"
  Assets:US:BofA:Checking                          1350.60 USD
  Assets:US:Vanguard:Cash                          1200.00 USD
  Assets:US:Federal:PreTax401k                    -1200.00 IRAUSD
  Expenses:Taxes:Y2014:US:Federal:PreTax401k       1200.00 IRAUSD
  Income:US:Hoogle:Salary                         -4615.38 USD
  Income:US:Hoogle:GroupTermLife                    -24.32 USD
  Expenses:Health:Life:GroupTermLife                 24.32 USD
  Expenses:Health:Dental:Insurance                    2.90 USD
  Expenses:Health:Medical:Insurance                  27.38 USD
  Expenses:Health:Vision:Insurance                   42.30 USD
  Expenses:Taxes:Y2014:US:Medicare                  106.62 USD
  Expenses:Taxes:Y2014:US:Federal                  1062.92 USD
  Expenses:Taxes:Y2014:US:State                     365.08 USD
  Expenses:Taxes:Y2014:US:CityNYC                   174.92 USD
  Expenses:Taxes:Y2014:US:SDI                         1.12 USD
  Expenses:Taxes:Y2014:US:SocSec                    281.54 USD
  Assets:US:Hoogle:Vacation                              5 VACHR
  Income:US:Hoogle:Vacation                             -5 VACHR

2014-04-10 * "Hoogle" | "Payroll"
  Assets:US:BofA:Checking                          1350.60 USD
  Assets:US:Vanguard:Cash                          1200.00 USD
  Assets:US:Federal:PreTax401k                    -1200.00 IRAUSD
  Expenses:Taxes:Y2014:US:Federal:PreTax401k       1200.00 IRAUSD
  Income:US:Hoogle:Salary                         -4615.38 USD
  Income:US:Hoogle:GroupTermLife                    -24.32 USD
  Expenses:Health:Life:GroupTermLife                 24.32 USD
  Expenses:Health:Dental:Insurance                    2.90 USD
  Expenses:Health:Medical:Insurance                  27.38 USD
  Expenses:Health:Vision:Insurance                   42.30 USD
  Expenses:Taxes:Y2014:US:Medicare                  106.62 USD
  Expenses:Taxes:Y2014:US:Federal                  1062.92 USD
  Expenses:Taxes:Y2014:US:State                     365.08 USD
  Expenses:Taxes:Y2014:US:CityNYC                   174.92 USD
  Expenses:Taxes:Y2014:US:SDI                         1.12 USD
  Expenses:Taxes:Y2014:US:SocSec                    281.54 USD
  Assets:US:Hoogle:Vacation                              5 VACHR
  Income:US:Hoogle:Vacation                             -5 VACHR

2014-04-24 * "Hoogle" | "Payroll"
  Assets:US:BofA:Checking                          1350.60 USD
  Assets:US:Vanguard:Cash                          1200.00 USD
  Assets:US:Federal:PreTax401k                    -1200.00 IRAUSD
  Expenses:Taxes:Y2014:US:Federal:PreTax401k       1200.00 IRAUSD
  Income:US:Hoogle:Salary                         -4615.38 USD
  Income:US:Hoogle:GroupTermLife                    -24.32 USD
  Expenses:Health:Life:GroupTermLife                 24.32 USD
  Expenses:Health:Dental:Insurance                    2.90 USD
  Expenses:Health:Medical:Insurance                  27.38 USD
  Expenses:Health:Vision:Insurance                   42.30 USD
  Expenses:Taxes:Y2014:US:Medicare                  106.62 USD
  Expenses:Taxes:Y2014:US:Federal                  1062.92 USD
  Expenses:Taxes:Y2014:US:State                     365.08 USD
  Expenses:Taxes:Y2014:US:CityNYC                   174.92 USD
  Expenses:Taxes:Y2014:US:SDI                         1.12 USD
  Expenses:Taxes:Y2014:US:SocSec                    281.54 USD
  Assets:US:Hoogle:Vacation                              5 VACHR
  Income:US:Hoogle:Vacation                             -5 VACHR

2014-05-08 * "Hoogle" | "Payroll"
  Assets:US:BofA:Checking                          1350.60 USD
  Assets:US:Vanguard:Cash                          1200.00 USD
  Assets:US:Federal:PreTax401k                    -1200.00 IRAUSD
  Expenses:Taxes:Y2014:US:Federal:PreTax401k       1200.00 IRAUSD
  Income:US:Hoogle:Salary                         -4615.38 USD
  Income:US:Hoogle:GroupTermLife                    -24.32 USD
  Expenses:Health:Life:GroupTermLife                 24.32 USD
  Expenses:Health:Dental:Insurance                    2.90 USD
  Expenses:Health:Medical:Insurance                  27.38 USD
  Expenses:Health:Vision:Insurance                   42.30 USD
  Expenses:Taxes:Y2014:US:Medicare                  106.62 USD
  Expenses:Taxes:Y2014:US:Federal                  1062.92 USD
  Expenses:Taxes:Y2014:US:State                     365.08 USD
  Expenses:Taxes:Y2014:US:CityNYC                   174.92 USD
  Expenses:Taxes:Y2014:US:SDI                         1.12 USD
  Expenses:Taxes:Y2014:US:SocSec                    281.54 USD
  Assets:US:Hoogle:Vacation                              5 VACHR
  Income:US:Hoogle:Vacation                             -5 VACHR

2014-05-22 * "Hoogle" | "Payroll"
  Assets:US:BofA:Checking                          1350.60 USD
  Assets:US:Vanguard:Cash                          1200.00 USD
  Assets:US:Federal:PreTax401k                    -1200.00 IRAUSD
  Expenses:Taxes:Y2014:US:Federal:PreTax401k       1200.00 IRAUSD
  Income:US:Hoogle:Salary                         -4615.38 USD
  Income:US:Hoogle:GroupTermLife                    -24.32 USD
  Expenses:Health:Life:GroupTermLife                 24.32 USD
  Expenses:Health:Dental:Insurance                    2.90 USD
  Expenses:Health:Medical:Insurance                  27.38 USD
  Expenses:Health:Vision:Insurance                   42.30 USD
  Expenses:Taxes:Y2014:US:Medicare                  106.62 USD
  Expenses:Taxes:Y2014:US:Federal                  1062.92 USD
  Expenses:Taxes:Y2014:US:State                     365.08 USD
  Expenses:Taxes:Y2014:US:CityNYC                   174.92 USD
  Expenses:Taxes:Y2014:US:SDI                         1.12 USD
  Expenses:Taxes:Y2014:US:SocSec                    281.54 USD
  Assets:US:Hoogle:Vacation                              5 VACHR
  Income:US:Hoogle:Vacation                             -5 VACHR

2014-06-05 * "Hoogle" | "Payroll"
  Assets:US:BofA:Checking                          1350.60 USD
  Assets:US:Vanguard:Cash                          1200.00 USD
  Assets:US:Federal:PreTax401k                    -1200.00 IRAUSD
  Expenses:Taxes:Y2014:US:Federal:PreTax401k       1200.00 IRAUSD
  Income:US:Hoogle:Salary                         -4615.38 USD
  Income:US:Hoogle:GroupTermLife                    -24.32 USD
  Expenses:Health:Life:GroupTermLife                 24.32 USD
  Expenses:Health:Dental:Insurance                    2.90 USD
  Expenses:Health:Medical:Insurance                  27.38 USD
  Expenses:Health:Vision:Insurance                   42.30 USD
  Expenses:Taxes:Y2014:US:Medicare                  106.62 USD
  Expenses:Taxes:Y2014:US:Federal                  1062.92 USD
  Expenses:Taxes:Y2014:US:State                     365.08 USD
  Expenses:Taxes:Y2014:US:CityNYC                   174.92 USD
  Expenses:Taxes:Y2014:US:SDI                         1.12 USD
  Expenses:Taxes:Y2014:US:SocSec                    281.54 USD
  Assets:US:Hoogle:Vacation                              5 VACHR
  Income:US:Hoogle:Vacation                             -5 VACHR

2014-06-19 * "Hoogle" | "Payroll"
  Assets:US:BofA:Checking                          1350.60 USD
  Assets:US:Vanguard:Cash                          1200.00 USD
  Assets:US:Federal:PreTax401k                    -1200.00 IRAUSD
  Expenses:Taxes:Y2014:US:Federal:PreTax401k       1200.00 IRAUSD
  Income:US:Hoogle:Salary                         -4615.38 USD
  Income:US:Hoogle:GroupTermLife                    -24.32 USD
  Expenses:Health:Life:GroupTermLife                 24.32 USD
  Expenses:Health:Dental:Insurance                    2.90 USD
  Expenses:Health:Medical:Insurance                  27.38 USD
  Expenses:Health:Vision:Insurance                   42.30 USD
  Expenses:Taxes:Y2014:US:Medicare                  106.62 USD
  Expenses:Taxes:Y2014:US:Federal                  1062.92 USD
  Expenses:Taxes:Y2014:US:State                     365.08 USD
  Expenses:Taxes:Y2014:US:CityNYC                   174.92 USD
  Expenses:Taxes:Y2014:US:SDI                         1.12 USD
  Expenses:Taxes:Y2014:US:SocSec                    281.54 USD
  Assets:US:Hoogle:Vacation                              5 VACHR
  Income:US:Hoogle:Vacation                             -5 VACHR

2014-07-03 * "Hoogle" | "Payroll"
  Assets:US:BofA:Checking                          1350.60 USD
  Assets:US:Vanguard:Cash                          1200.00 USD
  Assets:US:Federal:PreTax401k                    -1200.00 IRAUSD
  Expenses:Taxes:Y2014:US:Federal:PreTax401k       1200.00 IRAUSD
  Income:US:Hoogle:Salary                         -4615.38 USD
  Income:US:Hoogle:GroupTermLife                    -24.32 USD
  Expenses:Health:Life:GroupTermLife                 24.32 USD
  Expenses:Health:Dental:Insurance                    2.90 USD
  Expenses:Health:Medical:Insurance                  27.38 USD
  Expenses:Health:Vision:Insurance                   42.30 USD
  Expenses:Taxes:Y2014:US:Medicare                  106.62 USD
  Expenses:Taxes:Y2014:US:Federal                  1062.92 USD
  Expenses:Taxes:Y2014:US:State                     365.08 USD
  Expenses:Taxes:Y2014:US:CityNYC                   174.92 USD
  Expenses:Taxes:Y2014:US:SDI                         1.12 USD
  Expenses:Taxes:Y2014:US:SocSec                    281.54 USD
  Assets:US:Hoogle:Vacation                              5 VACHR
  Income:US:Hoogle:Vacation                             -5 VACHR

2014-07-17 * "Hoogle" | "Payroll"
  Assets:US:BofA:Checking                          1850.60 USD
  Assets:US:Vanguard:Cash                           700.00 USD
  Assets:US:Federal:PreTax401k                     -700.00 IRAUSD
  Expenses:Taxes:Y2014:US:Federal:PreTax401k        700.00 IRAUSD
  Income:US:Hoogle:Salary                         -4615.38 USD
  Income:US:Hoogle:GroupTermLife                    -24.32 USD
  Expenses:Health:Life:GroupTermLife                 24.32 USD
  Expenses:Health:Dental:Insurance                    2.90 USD
  Expenses:Health:Medical:Insurance                  27.38 USD
  Expenses:Health:Vision:Insurance                   42.30 USD
  Expenses:Taxes:Y2014:US:Medicare                  106.62 USD
  Expenses:Taxes:Y2014:US:Federal                  1062.92 USD
  Expenses:Taxes:Y2014:US:State                     365.08 USD
  Expenses:Taxes:Y2014:US:CityNYC                   174.92 USD
  Expenses:Taxes:Y2014:US:SDI                         1.12 USD
  Expenses:Taxes:Y2014:US:SocSec                    281.54 USD
  Assets:US:Hoogle:Vacation                              5 VACHR
  Income:US:Hoogle:Vacation                             -5 VACHR

2014-07-31 * "Hoogle" | "Payroll"
  Assets:US:BofA:Checking                          2550.60 USD
  Assets:US:Federal:PreTax401k                        0.00 IRAUSD
  Income:US:Hoogle:Salary                         -4615.38 USD
  Income:US:Hoogle:GroupTermLife                    -24.32 USD
  Expenses:Health:Life:GroupTermLife                 24.32 USD
  Expenses:Health:Dental:Insurance                    2.90 USD
  Expenses:Health:Medical:Insurance                  27.38 USD
  Expenses:Health:Vision:Insurance                   42.30 USD
  Expenses:Taxes:Y2014:US:Medicare                  106.62 USD
  Expenses:Taxes:Y2014:US:Federal                  1062.92 USD
  Expenses:Taxes:Y2014:US:State                     365.08 USD
  Expenses:Taxes:Y2014:US:CityNYC                   174.92 USD
  Expenses:Taxes:Y2014:US:SDI                         1.12 USD
  Expenses:Taxes:Y2014:US:SocSec                    281.54 USD
  Assets:US:Hoogle:Vacation                              5 VACHR
  Income:US:Hoogle:Vacation                             -5 VACHR

2014-08-14 * "Hoogle" | "Payroll"
  Assets:US:BofA:Checking                          2550.60 USD
  Assets:US:Federal:PreTax401k                        0.00 IRAUSD
  Income:US:Hoogle:Salary                         -4615.38 USD
  Income:US:Hoogle:GroupTermLife                    -24.32 USD
  Expenses:Health:Life:GroupTermLife                 24.32 USD
  Expenses:Health:Dental:Insurance                    2.90 USD
  Expenses:Health:Medical:Insurance                  27.38 USD
  Expenses:Health:Vision:Insurance                   42.30 USD
  Expenses:Taxes:Y2014:US:Medicare                  106.62 USD
  Expenses:Taxes:Y2014:US:Federal                  1062.92 USD
  Expenses:Taxes:Y2014:US:State                     365.08 USD
  Expenses:Taxes:Y2014:US:CityNYC                   174.92 USD
  Expenses:Taxes:Y2014:US:SDI                         1.12 USD
  Expenses:Taxes:Y2014:US:SocSec                    281.54 USD
  Assets:US:Hoogle:Vacation                              5 VACHR
  Income:US:Hoogle:Vacation                             -5 VACHR

2014-08-28 * "Hoogle" | "Payroll"
  Assets:US:BofA:Checking                          2550.60 USD
  Assets:US:Federal:PreTax401k                        0.00 IRAUSD
  Income:US:Hoogle:Salary                         -4615.38 USD
  Income:US:Hoogle:GroupTermLife                    -24.32 USD
  Expenses:Health:Life:GroupTermLife                 24.32 USD
  Expenses:Health:Dental:Insurance                    2.90 USD
  Expenses:Health:Medical:Insurance                  27.38 USD
  Expenses:Health:Vision:Insurance                   42.30 USD
  Expenses:Taxes:Y2014:US:Medicare                  106.62 USD
  Expenses:Taxes:Y2014:US:Federal                  1062.92 USD
  Expenses:Taxes:Y2014:US:State                     365.08 USD
  Expenses:Taxes:Y2014:US:CityNYC                   174.92 USD
  Expenses:Taxes:Y2014:US:SDI                         1.12 USD
  Expenses:Taxes:Y2014:US:SocSec                    281.54 USD
  Assets:US:Hoogle:Vacation                              5 VACHR
  Income:US:Hoogle:Vacation                             -5 VACHR

2014-09-11 * "Hoogle" | "Payroll"
  Assets:US:BofA:Checking                          2550.60 USD
  Assets:US:Federal:PreTax401k                        0.00 IRAUSD
  Income:US:Hoogle:Salary                         -4615.38 USD
  Income:US:Hoogle:GroupTermLife                    -24.32 USD
  Expenses:Health:Life:GroupTermLife                 24.32 USD
  Expenses:Health:Dental:Insurance                    2.90 USD
  Expenses:Health:Medical:Insurance                  27.38 USD
  Expenses:Health:Vision:Insurance                   42.30 USD
  Expenses:Taxes:Y2014:US:Medicare                  106.62 USD
  Expenses:Taxes:Y2014:US:Federal                  1062.92 USD
  Expenses:Taxes:Y2014:US:State                     365.08 USD
  Expenses:Taxes:Y2014:US:CityNYC                   174.92 USD
  Expenses:Taxes:Y2014:US:SDI                         1.12 USD
  Expenses:Taxes:Y2014:US:SocSec                    281.54 USD
  Assets:US:Hoogle:Vacation                              5 VACHR
  Income:US:Hoogle:Vacation                             -5 VACHR

2014-09-25 * "Hoogle" | "Payroll"
  Assets:US:BofA:Checking                          2550.60 USD
  Assets:US:Federal:PreTax401k                        0.00 IRAUSD
  Income:US:Hoogle:Salary                         -4615.38 USD
  Income:US:Hoogle:GroupTermLife                    -24.32 USD
  Expenses:Health:Life:GroupTermLife                 24.32 USD
  Expenses:Health:Dental:Insurance                    2.90 USD
  Expenses:Health:Medical:Insurance                  27.38 USD
  Expenses:Health:Vision:Insurance                   42.30 USD
  Expenses:Taxes:Y2014:US:Medicare                  106.62 USD
  Expenses:Taxes:Y2014:US:Federal                  1062.92 USD
  Expenses:Taxes:Y2014:US:State                     365.08 USD
  Expenses:Taxes:Y2014:US:CityNYC                   174.92 USD
  Expenses:Taxes:Y2014:US:SDI                         1.12 USD
  Expenses:Taxes:Y2014:US:SocSec                    281.54 USD
  Assets:US:Hoogle:Vacation                              5 VACHR
  Income:US:Hoogle:Vacation                             -5 VACHR

2014-10-09 * "Hoogle" | "Payroll"
  Assets:US:BofA:Checking                          2550.60 USD
  Assets:US:Federal:PreTax401k                        0.00 IRAUSD
  Income:US:Hoogle:Salary                         -4615.38 USD
  Income:US:Hoogle:GroupTermLife                    -24.32 USD
  Expenses:Health:Life:GroupTermLife                 24.32 USD
  Expenses:Health:Dental:Insurance                    2.90 USD
  Expenses:Health:Medical:Insurance                  27.38 USD
  Expenses:Health:Vision:Insurance                   42.30 USD
  Expenses:Taxes:Y2014:US:Medicare                  106.62 USD
  Expenses:Taxes:Y2014:US:Federal                  1062.92 USD
  Expenses:Taxes:Y2014:US:State                     365.08 USD
  Expenses:Taxes:Y2014:US:CityNYC                   174.92 USD
  Expenses:Taxes:Y2014:US:SDI                         1.12 USD
  Expenses:Taxes:Y2014:US:SocSec                    281.54 USD
  Assets:US:Hoogle:Vacation                              5 VACHR
  Income:US:Hoogle:Vacation                             -5 VACHR

2014-10-23 * "Hoogle" | "Payroll"
  Assets:US:BofA:Checking                          2550.60 USD
  Assets:US:Federal:PreTax401k                        0.00 IRAUSD
  Income:US:Hoogle:Salary                         -4615.38 USD
  Income:US:Hoogle:GroupTermLife                    -24.32 USD
  Expenses:Health:Life:GroupTermLife                 24.32 USD
  Expenses:Health:Dental:Insurance                    2.90 USD
  Expenses:Health:Medical:Insurance                  27.38 USD
  Expenses:Health:Vision:Insurance                   42.30 USD
  Expenses:Taxes:Y2014:US:Medicare                  106.62 USD
  Expenses:Taxes:Y2014:US:Federal                  1062.92 USD
  Expenses:Taxes:Y2014:US:State                     365.08 USD
  Expenses:Taxes:Y2014:US:CityNYC                   174.92 USD
  Expenses:Taxes:Y2014:US:SDI                         1.12 USD
  Expenses:Taxes:Y2014:US:SocSec                    281.54 USD
  Assets:US:Hoogle:Vacation                              5 VACHR
  Income:US:Hoogle:Vacation                             -5 VACHR

2014-11-06 * "Hoogle" | "Payroll"
  Assets:US:BofA:Checking                          2550.60 USD
  Assets:US:Federal:PreTax401k                        0.00 IRAUSD
  Income:US:Hoogle:Salary                         -4615.38 USD
  Income:US:Hoogle:GroupTermLife                    -24.32 USD
  Expenses:Health:Life:GroupTermLife                 24.32 USD
  Expenses:Health:Dental:Insurance                    2.90 USD
  Expenses:Health:Medical:Insurance                  27.38 USD
  Expenses:Health:Vision:Insurance                   42.30 USD
  Expenses:Taxes:Y2014:US:Medicare                  106.62 USD
  Expenses:Taxes:Y2014:US:Federal                  1062.92 USD
  Expenses:Taxes:Y2014:US:State                     365.08 USD
  Expenses:Taxes:Y2014:US:CityNYC                   174.92 USD
  Expenses:Taxes:Y2014:US:SDI                         1.12 USD
  Expenses:Taxes:Y2014:US:SocSec                    281.54 USD
  Assets:US:Hoogle:Vacation                              5 VACHR
  Income:US:Hoogle:Vacation                             -5 VACHR

2014-11-20 * "Hoogle" | "Payroll"
  Assets:US:BofA:Checking                          2550.60 USD
  Assets:US:Federal:PreTax401k                        0.00 IRAUSD
  Income:US:Hoogle:Salary                         -4615.38 USD
  Income:US:Hoogle:GroupTermLife                    -24.32 USD
  Expenses:Health:Life:GroupTermLife                 24.32 USD
  Expenses:Health:Dental:Insurance                    2.90 USD
  Expenses:Health:Medical:Insurance                  27.38 USD
  Expenses:Health:Vision:Insurance                   42.30 USD
  Expenses:Taxes:Y2014:US:Medicare                  106.62 USD
  Expenses:Taxes:Y2014:US:Federal                  1062.92 USD
  Expenses:Taxes:Y2014:US:State                     365.08 USD
  Expenses:Taxes:Y2014:US:CityNYC                   174.92 USD
  Expenses:Taxes:Y2014:US:SDI                         1.12 USD
  Expenses:Taxes:Y2014:US:SocSec                    281.54 USD
  Assets:US:Hoogle:Vacation                              5 VACHR
  Income:US:Hoogle:Vacation                             -5 VACHR

2014-12-04 * "Hoogle" | "Payroll"
  Assets:US:BofA:Checking                          2589.06 USD
  Assets:US:Federal:PreTax401k                        0.00 IRAUSD
  Income:US:Hoogle:Salary                         -4615.38 USD
  Income:US:Hoogle:GroupTermLife                    -24.32 USD
  Expenses:Health:Life:GroupTermLife                 24.32 USD
  Expenses:Health:Dental:Insurance                    2.90 USD
  Expenses:Health:Medical:Insurance                  27.38 USD
  Expenses:Health:Vision:Insurance                   42.30 USD
  Expenses:Taxes:Y2014:US:Medicare                  106.62 USD
  Expenses:Taxes:Y2014:US:Federal                  1062.92 USD
  Expenses:Taxes:Y2014:US:State                     365.08 USD
  Expenses:Taxes:Y2014:US:CityNYC                   174.92 USD
  Expenses:Taxes:Y2014:US:SDI                         1.12 USD
  Expenses:Taxes:Y2014:US:SocSec                    243.08 USD
  Assets:US:Hoogle:Vacation                              5 VACHR
  Income:US:Hoogle:Vacation                             -5 VACHR

2014-12-18 * "Hoogle" | "Payroll"
  Assets:US:BofA:Checking                          2832.14 USD
  Assets:US:Federal:PreTax401k                        0.00 IRAUSD
  Income:US:Hoogle:Salary                         -4615.38 USD
  Income:US:Hoogle:GroupTermLife                    -24.32 USD
  Expenses:Health:Life:GroupTermLife                 24.32 USD
  Expenses:Health:Dental:Insurance                    2.90 USD
  Expenses:Health:Medical:Insurance                  27.38 USD
  Expenses:Health:Vision:Insurance                   42.30 USD
  Expenses:Taxes:Y2014:US:Medicare                  106.62 USD
  Expenses:Taxes:Y2014:US:Federal                  1062.92 USD
  Expenses:Taxes:Y2014:US:State                     365.08 USD
  Expenses:Taxes:Y2014:US:CityNYC                   174.92 USD
  Expenses:Taxes:Y2014:US:SDI                         1.12 USD
  Expenses:Taxes:Y2014:US:SocSec                      0.00 USD
  Assets:US:Hoogle:Vacation                              5 VACHR
  Income:US:Hoogle:Vacation                             -5 VACHR

2015-01-01 * "Hoogle" | "Payroll"
  Assets:US:BofA:Checking                          1350.60 USD
  Assets:US:Vanguard:Cash                          1200.00 USD
  Assets:US:Federal:PreTax401k                    -1200.00 IRAUSD
  Expenses:Taxes:Y2015:US:Federal:PreTax401k       1200.00 IRAUSD
  Income:US:Hoogle:Salary                         -4615.38 USD
  Income:US:Hoogle:GroupTermLife                    -24.32 USD
  Expenses:Health:Life:GroupTermLife                 24.32 USD
  Expenses:Health:Dental:Insurance                    2.90 USD
  Expenses:Health:Medical:Insurance                  27.38 USD
  Expenses:Health:Vision:Insurance                   42.30 USD
  Expenses:Taxes:Y2015:US:Medicare                  106.62 USD
  Expenses:Taxes:Y2015:US:Federal                  1062.92 USD
  Expenses:Taxes:Y2015:US:State                     365.08 USD
  Expenses:Taxes:Y2015:US:CityNYC                   174.92 USD
  Expenses:Taxes:Y2015:US:SDI                         1.12 USD
  Expenses:Taxes:Y2015:US:SocSec                    281.54 USD
  Assets:US:Hoogle:Vacation                              5 VACHR
  Income:US:Hoogle:Vacation                             -5 VACHR

2015-01-15 * "Hoogle" | "Payroll"
  Assets:US:BofA:Checking                          1350.60 USD
  Assets:US:Vanguard:Cash                          1200.00 USD
  Assets:US:Federal:PreTax401k                    -1200.00 IRAUSD
  Expenses:Taxes:Y2015:US:Federal:PreTax401k       1200.00 IRAUSD
  Income:US:Hoogle:Salary                         -4615.38 USD
  Income:US:Hoogle:GroupTermLife                    -24.32 USD
  Expenses:Health:Life:GroupTermLife                 24.32 USD
  Expenses:Health:Dental:Insurance                    2.90 USD
  Expenses:Health:Medical:Insurance                  27.38 USD
  Expenses:Health:Vision:Insurance                   42.30 USD
  Expenses:Taxes:Y2015:US:Medicare                  106.62 USD
  Expenses:Taxes:Y2015:US:Federal                  1062.92 USD
  Expenses:Taxes:Y2015:US:State                     365.08 USD
  Expenses:Taxes:Y2015:US:CityNYC                   174.92 USD
  Expenses:Taxes:Y2015:US:SDI                         1.12 USD
  Expenses:Taxes:Y2015:US:SocSec                    281.54 USD
  Assets:US:Hoogle:Vacation                              5 VACHR
  Income:US:Hoogle:Vacation                             -5 VACHR

2015-01-29 * "Hoogle" | "Payroll"
  Assets:US:BofA:Checking                          1350.60 USD
  Assets:US:Vanguard:Cash                          1200.00 USD
  Assets:US:Federal:PreTax401k                    -1200.00 IRAUSD
  Expenses:Taxes:Y2015:US:Federal:PreTax401k       1200.00 IRAUSD
  Income:US:Hoogle:Salary                         -4615.38 USD
  Income:US:Hoogle:GroupTermLife                    -24.32 USD
  Expenses:Health:Life:GroupTermLife                 24.32 USD
  Expenses:Health:Dental:Insurance                    2.90 USD
  Expenses:Health:Medical:Insurance                  27.38 USD
  Expenses:Health:Vision:Insurance                   42.30 USD
  Expenses:Taxes:Y2015:US:Medicare                  106.62 USD
  Expenses:Taxes:Y2015:US:Federal                  1062.92 USD
  Expenses:Taxes:Y2015:US:State                     365.08 USD
  Expenses:Taxes:Y2015:US:CityNYC                   174.92 USD
  Expenses:Taxes:Y2015:US:SDI                         1.12 USD
  Expenses:Taxes:Y2015:US:SocSec                    281.54 USD
  Assets:US:Hoogle:Vacation                              5 VACHR
  Income:US:Hoogle:Vacation                             -5 VACHR

2015-02-12 * "Hoogle" | "Payroll"
  Assets:US:BofA:Checking                          1350.60 USD
  Assets:US:Vanguard:Cash                          1200.00 USD
  Assets:US:Federal:PreTax401k                    -1200.00 IRAUSD
  Expenses:Taxes:Y2015:US:Federal:PreTax401k       1200.00 IRAUSD
  Income:US:Hoogle:Salary                         -4615.38 USD
  Income:US:Hoogle:GroupTermLife                    -24.32 USD
  Expenses:Health:Life:GroupTermLife                 24.32 USD
  Expenses:Health:Dental:Insurance                    2.90 USD
  Expenses:Health:Medical:Insurance                  27.38 USD
  Expenses:Health:Vision:Insurance                   42.30 USD
  Expenses:Taxes:Y2015:US:Medicare                  106.62 USD
  Expenses:Taxes:Y2015:US:Federal                  1062.92 USD
  Expenses:Taxes:Y2015:US:State                     365.08 USD
  Expenses:Taxes:Y2015:US:CityNYC                   174.92 USD
  Expenses:Taxes:Y2015:US:SDI                         1.12 USD
  Expenses:Taxes:Y2015:US:SocSec                    281.54 USD
  Assets:US:Hoogle:Vacation                              5 VACHR
  Income:US:Hoogle:Vacation                             -5 VACHR

2015-02-26 * "Hoogle" | "Payroll"
  Assets:US:BofA:Checking                          1350.60 USD
  Assets:US:Vanguard:Cash                          1200.00 USD
  Assets:US:Federal:PreTax401k                    -1200.00 IRAUSD
  Expenses:Taxes:Y2015:US:Federal:PreTax401k       1200.00 IRAUSD
  Income:US:Hoogle:Salary                         -4615.38 USD
  Income:US:Hoogle:GroupTermLife                    -24.32 USD
  Expenses:Health:Life:GroupTermLife                 24.32 USD
  Expenses:Health:Dental:Insurance                    2.90 USD
  Expenses:Health:Medical:Insurance                  27.38 USD
  Expenses:Health:Vision:Insurance                   42.30 USD
  Expenses:Taxes:Y2015:US:Medicare                  106.62 USD
  Expenses:Taxes:Y2015:US:Federal                  1062.92 USD
  Expenses:Taxes:Y2015:US:State                     365.08 USD
  Expenses:Taxes:Y2015:US:CityNYC                   174.92 USD
  Expenses:Taxes:Y2015:US:SDI                         1.12 USD
  Expenses:Taxes:Y2015:US:SocSec                    281.54 USD
  Assets:US:Hoogle:Vacation                              5 VACHR
  Income:US:Hoogle:Vacation                             -5 VACHR

2015-03-12 * "Hoogle" | "Payroll"
  Assets:US:BofA:Checking                          1350.60 USD
  Assets:US:Vanguard:Cash                          1200.00 USD
  Assets:US:Federal:PreTax401k                    -1200.00 IRAUSD
  Expenses:Taxes:Y2015:US:Federal:PreTax401k       1200.00 IRAUSD
  Income:US:Hoogle:Salary                         -4615.38 USD
  Income:US:Hoogle:GroupTermLife                    -24.32 USD
  Expenses:Health:Life:GroupTermLife                 24.32 USD
  Expenses:Health:Dental:Insurance                    2.90 USD
  Expenses:Health:Medical:Insurance                  27.38 USD
  Expenses:Health:Vision:Insurance                   42.30 USD
  Expenses:Taxes:Y2015:US:Medicare                  106.62 USD
  Expenses:Taxes:Y2015:US:Federal                  1062.92 USD
  Expenses:Taxes:Y2015:US:State                     365.08 USD
  Expenses:Taxes:Y2015:US:CityNYC                   174.92 USD
  Expenses:Taxes:Y2015:US:SDI                         1.12 USD
  Expenses:Taxes:Y2015:US:SocSec                    281.54 USD
  Assets:US:Hoogle:Vacation                              5 VACHR
  Income:US:Hoogle:Vacation                             -5 VACHR

2015-03-26 * "Hoogle" | "Payroll"
  Assets:US:BofA:Checking                          1350.60 USD
  Assets:US:Vanguard:Cash                          1200.00 USD
  Assets:US:Federal:PreTax401k                    -1200.00 IRAUSD
  Expenses:Taxes:Y2015:US:Federal:PreTax401k       1200.00 IRAUSD
  Income:US:Hoogle:Salary                         -4615.38 USD
  Income:US:Hoogle:GroupTermLife                    -24.32 USD
  Expenses:Health:Life:GroupTermLife                 24.32 USD
  Expenses:Health:Dental:Insurance                    2.90 USD
  Expenses:Health:Medical:Insurance                  27.38 USD
  Expenses:Health:Vision:Insurance                   42.30 USD
  Expenses:Taxes:Y2015:US:Medicare                  106.62 USD
  Expenses:Taxes:Y2015:US:Federal                  1062.92 USD
  Expenses:Taxes:Y2015:US:State                     365.08 USD
  Expenses:Taxes:Y2015:US:CityNYC                   174.92 USD
  Expenses:Taxes:Y2015:US:SDI                         1.12 USD
  Expenses:Taxes:Y2015:US:SocSec                    281.54 USD
  Assets:US:Hoogle:Vacation                              5 VACHR
  Income:US:Hoogle:Vacation                             -5 VACHR

2015-04-09 * "Hoogle" | "Payroll"
  Assets:US:BofA:Checking                          1350.60 USD
  Assets:US:Vanguard:Cash                          1200.00 USD
  Assets:US:Federal:PreTax401k                    -1200.00 IRAUSD
  Expenses:Taxes:Y2015:US:Federal:PreTax401k       1200.00 IRAUSD
  Income:US:Hoogle:Salary                         -4615.38 USD
  Income:US:Hoogle:GroupTermLife                    -24.32 USD
  Expenses:Health:Life:GroupTermLife                 24.32 USD
  Expenses:Health:Dental:Insurance                    2.90 USD
  Expenses:Health:Medical:Insurance                  27.38 USD
  Expenses:Health:Vision:Insurance                   42.30 USD
  Expenses:Taxes:Y2015:US:Medicare                  106.62 USD
  Expenses:Taxes:Y2015:US:Federal                  1062.92 USD
  Expenses:Taxes:Y2015:US:State                     365.08 USD
  Expenses:Taxes:Y2015:US:CityNYC                   174.92 USD
  Expenses:Taxes:Y2015:US:SDI                         1.12 USD
  Expenses:Taxes:Y2015:US:SocSec                    281.54 USD
  Assets:US:Hoogle:Vacation                              5 VACHR
  Income:US:Hoogle:Vacation                             -5 VACHR

2015-04-23 * "Hoogle" | "Payroll"
  Assets:US:BofA:Checking                          1350.60 USD
  Assets:US:Vanguard:Cash                          1200.00 USD
  Assets:US:Federal:PreTax401k                    -1200.00 IRAUSD
  Expenses:Taxes:Y2015:US:Federal:PreTax401k       1200.00 IRAUSD
  Income:US:Hoogle:Salary                         -4615.38 USD
  Income:US:Hoogle:GroupTermLife                    -24.32 USD
  Expenses:Health:Life:GroupTermLife                 24.32 USD
  Expenses:Health:Dental:Insurance                    2.90 USD
  Expenses:Health:Medical:Insurance                  27.38 USD
  Expenses:Health:Vision:Insurance                   42.30 USD
  Expenses:Taxes:Y2015:US:Medicare                  106.62 USD
  Expenses:Taxes:Y2015:US:Federal                  1062.92 USD
  Expenses:Taxes:Y2015:US:State                     365.08 USD
  Expenses:Taxes:Y2015:US:CityNYC                   174.92 USD
  Expenses:Taxes:Y2015:US:SDI                         1.12 USD
  Expenses:Taxes:Y2015:US:SocSec                    281.54 USD
  Assets:US:Hoogle:Vacation                              5 VACHR
  Income:US:Hoogle:Vacation                             -5 VACHR

2015-05-07 * "Hoogle" | "Payroll"
  Assets:US:BofA:Checking                          1350.60 USD
  Assets:US:Vanguard:Cash                          1200.00 USD
  Assets:US:Federal:PreTax401k                    -1200.00 IRAUSD
  Expenses:Taxes:Y2015:US:Federal:PreTax401k       1200.00 IRAUSD
  Income:US:Hoogle:Salary                         -4615.38 USD
  Income:US:Hoogle:GroupTermLife                    -24.32 USD
  Expenses:Health:Life:GroupTermLife                 24.32 USD
  Expenses:Health:Dental:Insurance                    2.90 USD
  Expenses:Health:Medical:Insurance                  27.38 USD
  Expenses:Health:Vision:Insurance                   42.30 USD
  Expenses:Taxes:Y2015:US:Medicare                  106.62 USD
  Expenses:Taxes:Y2015:US:Federal                  1062.92 USD
  Expenses:Taxes:Y2015:US:State                     365.08 USD
  Expenses:Taxes:Y2015:US:CityNYC                   174.92 USD
  Expenses:Taxes:Y2015:US:SDI                         1.12 USD
  Expenses:Taxes:Y2015:US:SocSec                    281.54 USD
  Assets:US:Hoogle:Vacation                              5 VACHR
  Income:US:Hoogle:Vacation                             -5 VACHR

2015-05-21 * "Hoogle" | "Payroll"
  Assets:US:BofA:Checking                          1350.60 USD
  Assets:US:Vanguard:Cash                          1200.00 USD
  Assets:US:Federal:PreTax401k                    -1200.00 IRAUSD
  Expenses:Taxes:Y2015:US:Federal:PreTax401k       1200.00 IRAUSD
  Income:US:Hoogle:Salary                         -4615.38 USD
  Income:US:Hoogle:GroupTermLife                    -24.32 USD
  Expenses:Health:Life:GroupTermLife                 24.32 USD
  Expenses:Health:Dental:Insurance                    2.90 USD
  Expenses:Health:Medical:Insurance                  27.38 USD
  Expenses:Health:Vision:Insurance                   42.30 USD
  Expenses:Taxes:Y2015:US:Medicare                  106.62 USD
  Expenses:Taxes:Y2015:US:Federal                  1062.92 USD
  Expenses:Taxes:Y2015:US:State                     365.08 USD
  Expenses:Taxes:Y2015:US:CityNYC                   174.92 USD
  Expenses:Taxes:Y2015:US:SDI                         1.12 USD
  Expenses:Taxes:Y2015:US:SocSec                    281.54 USD
  Assets:US:Hoogle:Vacation                              5 VACHR
  Income:US:Hoogle:Vacation                             -5 VACHR

2015-06-04 * "Hoogle" | "Payroll"
  Assets:US:BofA:Checking                          1350.60 USD
  Assets:US:Vanguard:Cash                          1200.00 USD
  Assets:US:Federal:PreTax401k                    -1200.00 IRAUSD
  Expenses:Taxes:Y2015:US:Federal:PreTax401k       1200.00 IRAUSD
  Income:US:Hoogle:Salary                         -4615.38 USD
  Income:US:Hoogle:GroupTermLife                    -24.32 USD
  Expenses:Health:Life:GroupTermLife                 24.32 USD
  Expenses:Health:Dental:Insurance                    2.90 USD
  Expenses:Health:Medical:Insurance                  27.38 USD
  Expenses:Health:Vision:Insurance                   42.30 USD
  Expenses:Taxes:Y2015:US:Medicare                  106.62 USD
  Expenses:Taxes:Y2015:US:Federal                  1062.92 USD
  Expenses:Taxes:Y2015:US:State                     365.08 USD
  Expenses:Taxes:Y2015:US:CityNYC                   174.92 USD
  Expenses:Taxes:Y2015:US:SDI                         1.12 USD
  Expenses:Taxes:Y2015:US:SocSec                    281.54 USD
  Assets:US:Hoogle:Vacation                              5 VACHR
  Income:US:Hoogle:Vacation                             -5 VACHR

2015-06-18 * "Hoogle" | "Payroll"
  Assets:US:BofA:Checking                          1350.60 USD
  Assets:US:Vanguard:Cash                          1200.00 USD
  Assets:US:Federal:PreTax401k                    -1200.00 IRAUSD
  Expenses:Taxes:Y2015:US:Federal:PreTax401k       1200.00 IRAUSD
  Income:US:Hoogle:Salary                         -4615.38 USD
  Income:US:Hoogle:GroupTermLife                    -24.32 USD
  Expenses:Health:Life:GroupTermLife                 24.32 USD
  Expenses:Health:Dental:Insurance                    2.90 USD
  Expenses:Health:Medical:Insurance                  27.38 USD
  Expenses:Health:Vision:Insurance                   42.30 USD
  Expenses:Taxes:Y2015:US:Medicare                  106.62 USD
  Expenses:Taxes:Y2015:US:Federal                  1062.92 USD
  Expenses:Taxes:Y2015:US:State                     365.08 USD
  Expenses:Taxes:Y2015:US:CityNYC                   174.92 USD
  Expenses:Taxes:Y2015:US:SDI                         1.12 USD
  Expenses:Taxes:Y2015:US:SocSec                    281.54 USD
  Assets:US:Hoogle:Vacation                              5 VACHR
  Income:US:Hoogle:Vacation                             -5 VACHR

2015-07-02 * "Hoogle" | "Payroll"
  Assets:US:BofA:Checking                          1350.60 USD
  Assets:US:Vanguard:Cash                          1200.00 USD
  Assets:US:Federal:PreTax401k                    -1200.00 IRAUSD
  Expenses:Taxes:Y2015:US:Federal:PreTax401k       1200.00 IRAUSD
  Income:US:Hoogle:Salary                         -4615.38 USD
  Income:US:Hoogle:GroupTermLife                    -24.32 USD
  Expenses:Health:Life:GroupTermLife                 24.32 USD
  Expenses:Health:Dental:Insurance                    2.90 USD
  Expenses:Health:Medical:Insurance                  27.38 USD
  Expenses:Health:Vision:Insurance                   42.30 USD
  Expenses:Taxes:Y2015:US:Medicare                  106.62 USD
  Expenses:Taxes:Y2015:US:Federal                  1062.92 USD
  Expenses:Taxes:Y2015:US:State                     365.08 USD
  Expenses:Taxes:Y2015:US:CityNYC                   174.92 USD
  Expenses:Taxes:Y2015:US:SDI                         1.12 USD
  Expenses:Taxes:Y2015:US:SocSec                    281.54 USD
  Assets:US:Hoogle:Vacation                              5 VACHR
  Income:US:Hoogle:Vacation                             -5 VACHR

2015-07-16 * "Hoogle" | "Payroll"
  Assets:US:BofA:Checking                          1350.60 USD
  Assets:US:Vanguard:Cash                          1200.00 USD
  Assets:US:Federal:PreTax401k                    -1200.00 IRAUSD
  Expenses:Taxes:Y2015:US:Federal:PreTax401k       1200.00 IRAUSD
  Income:US:Hoogle:Salary                         -4615.38 USD
  Income:US:Hoogle:GroupTermLife                    -24.32 USD
  Expenses:Health:Life:GroupTermLife                 24.32 USD
  Expenses:Health:Dental:Insurance                    2.90 USD
  Expenses:Health:Medical:Insurance                  27.38 USD
  Expenses:Health:Vision:Insurance                   42.30 USD
  Expenses:Taxes:Y2015:US:Medicare                  106.62 USD
  Expenses:Taxes:Y2015:US:Federal                  1062.92 USD
  Expenses:Taxes:Y2015:US:State                     365.08 USD
  Expenses:Taxes:Y2015:US:CityNYC                   174.92 USD
  Expenses:Taxes:Y2015:US:SDI                         1.12 USD
  Expenses:Taxes:Y2015:US:SocSec                    281.54 USD
  Assets:US:Hoogle:Vacation                              5 VACHR
  Income:US:Hoogle:Vacation                             -5 VACHR

2015-07-30 * "Hoogle" | "Payroll"
  Assets:US:BofA:Checking                          2550.60 USD
  Assets:US:Federal:PreTax401k                        0.00 IRAUSD
  Income:US:Hoogle:Salary                         -4615.38 USD
  Income:US:Hoogle:GroupTermLife                    -24.32 USD
  Expenses:Health:Life:GroupTermLife                 24.32 USD
  Expenses:Health:Dental:Insurance                    2.90 USD
  Expenses:Health:Medical:Insurance                  27.38 USD
  Expenses:Health:Vision:Insurance                   42.30 USD
  Expenses:Taxes:Y2015:US:Medicare                  106.62 USD
  Expenses:Taxes:Y2015:US:Federal                  1062.92 USD
  Expenses:Taxes:Y2015:US:State                     365.08 USD
  Expenses:Taxes:Y2015:US:CityNYC                   174.92 USD
  Expenses:Taxes:Y2015:US:SDI                         1.12 USD
  Expenses:Taxes:Y2015:US:SocSec                    281.54 USD
  Assets:US:Hoogle:Vacation                              5 VACHR
  Income:US:Hoogle:Vacation                             -5 VACHR

2015-08-13 * "Hoogle" | "Payroll"
  Assets:US:BofA:Checking                          2550.60 USD
  Assets:US:Federal:PreTax401k                        0.00 IRAUSD
  Income:US:Hoogle:Salary                         -4615.38 USD
  Income:US:Hoogle:GroupTermLife                    -24.32 USD
  Expenses:Health:Life:GroupTermLife                 24.32 USD
  Expenses:Health:Dental:Insurance                    2.90 USD
  Expenses:Health:Medical:Insurance                  27.38 USD
  Expenses:Health:Vision:Insurance                   42.30 USD
  Expenses:Taxes:Y2015:US:Medicare                  106.62 USD
  Expenses:Taxes:Y2015:US:Federal                  1062.92 USD
  Expenses:Taxes:Y2015:US:State                     365.08 USD
  Expenses:Taxes:Y2015:US:CityNYC                   174.92 USD
  Expenses:Taxes:Y2015:US:SDI                         1.12 USD
  Expenses:Taxes:Y2015:US:SocSec                    281.54 USD
  Assets:US:Hoogle:Vacation                              5 VACHR
  Income:US:Hoogle:Vacation                             -5 VACHR

2015-08-27 * "Hoogle" | "Payroll"
  Assets:US:BofA:Checking                          2550.60 USD
  Assets:US:Federal:PreTax401k                        0.00 IRAUSD
  Income:US:Hoogle:Salary                         -4615.38 USD
  Income:US:Hoogle:GroupTermLife                    -24.32 USD
  Expenses:Health:Life:GroupTermLife                 24.32 USD
  Expenses:Health:Dental:Insurance                    2.90 USD
  Expenses:Health:Medical:Insurance                  27.38 USD
  Expenses:Health:Vision:Insurance                   42.30 USD
  Expenses:Taxes:Y2015:US:Medicare                  106.62 USD
  Expenses:Taxes:Y2015:US:Federal                  1062.92 USD
  Expenses:Taxes:Y2015:US:State                     365.08 USD
  Expenses:Taxes:Y2015:US:CityNYC                   174.92 USD
  Expenses:Taxes:Y2015:US:SDI                         1.12 USD
  Expenses:Taxes:Y2015:US:SocSec                    281.54 USD
  Assets:US:Hoogle:Vacation                              5 VACHR
  Income:US:Hoogle:Vacation                             -5 VACHR

2015-09-10 * "Hoogle" | "Payroll"
  Assets:US:BofA:Checking                          2550.60 USD
  Assets:US:Federal:PreTax401k                        0.00 IRAUSD
  Income:US:Hoogle:Salary                         -4615.38 USD
  Income:US:Hoogle:GroupTermLife                    -24.32 USD
  Expenses:Health:Life:GroupTermLife                 24.32 USD
  Expenses:Health:Dental:Insurance                    2.90 USD
  Expenses:Health:Medical:Insurance                  27.38 USD
  Expenses:Health:Vision:Insurance                   42.30 USD
  Expenses:Taxes:Y2015:US:Medicare                  106.62 USD
  Expenses:Taxes:Y2015:US:Federal                  1062.92 USD
  Expenses:Taxes:Y2015:US:State                     365.08 USD
  Expenses:Taxes:Y2015:US:CityNYC                   174.92 USD
  Expenses:Taxes:Y2015:US:SDI                         1.12 USD
  Expenses:Taxes:Y2015:US:SocSec                    281.54 USD
  Assets:US:Hoogle:Vacation                              5 VACHR
  Income:US:Hoogle:Vacation                             -5 VACHR

2015-09-24 * "Hoogle" | "Payroll"
  Assets:US:BofA:Checking                          2550.60 USD
  Assets:US:Federal:PreTax401k                        0.00 IRAUSD
  Income:US:Hoogle:Salary                         -4615.38 USD
  Income:US:Hoogle:GroupTermLife                    -24.32 USD
  Expenses:Health:Life:GroupTermLife                 24.32 USD
  Expenses:Health:Dental:Insurance                    2.90 USD
  Expenses:Health:Medical:Insurance                  27.38 USD
  Expenses:Health:Vision:Insurance                   42.30 USD
  Expenses:Taxes:Y2015:US:Medicare                  106.62 USD
  Expenses:Taxes:Y2015:US:Federal                  1062.92 USD
  Expenses:Taxes:Y2015:US:State                     365.08 USD
  Expenses:Taxes:Y2015:US:CityNYC                   174.92 USD
  Expenses:Taxes:Y2015:US:SDI                         1.12 USD
  Expenses:Taxes:Y2015:US:SocSec                    281.54 USD
  Assets:US:Hoogle:Vacation                              5 VACHR
  Income:US:Hoogle:Vacation                             -5 VACHR

2015-10-08 * "Hoogle" | "Payroll"
  Assets:US:BofA:Checking                          2550.60 USD
  Assets:US:Federal:PreTax401k                        0.00 IRAUSD
  Income:US:Hoogle:Salary                         -4615.38 USD
  Income:US:Hoogle:GroupTermLife                    -24.32 USD
  Expenses:Health:Life:GroupTermLife                 24.32 USD
  Expenses:Health:Dental:Insurance                    2.90 USD
  Expenses:Health:Medical:Insurance                  27.38 USD
  Expenses:Health:Vision:Insurance                   42.30 USD
  Expenses:Taxes:Y2015:US:Medicare                  106.62 USD
  Expenses:Taxes:Y2015:US:Federal                  1062.92 USD
  Expenses:Taxes:Y2015:US:State                     365.08 USD
  Expenses:Taxes:Y2015:US:CityNYC                   174.92 USD
  Expenses:Taxes:Y2015:US:SDI                         1.12 USD
  Expenses:Taxes:Y2015:US:SocSec                    281.54 USD
  Assets:US:Hoogle:Vacation                              5 VACHR
  Income:US:Hoogle:Vacation                             -5 VACHR

2015-10-22 * "Hoogle" | "Payroll"
  Assets:US:BofA:Checking                          2550.60 USD
  Assets:US:Federal:PreTax401k                        0.00 IRAUSD
  Income:US:Hoogle:Salary                         -4615.38 USD
  Income:US:Hoogle:GroupTermLife                    -24.32 USD
  Expenses:Health:Life:GroupTermLife                 24.32 USD
  Expenses:Health:Dental:Insurance                    2.90 USD
  Expenses:Health:Medical:Insurance                  27.38 USD
  Expenses:Health:Vision:Insurance                   42.30 USD
  Expenses:Taxes:Y2015:US:Medicare                  106.62 USD
  Expenses:Taxes:Y2015:US:Federal                  1062.92 USD
  Expenses:Taxes:Y2015:US:State                     365.08 USD
  Expenses:Taxes:Y2015:US:CityNYC                   174.92 USD
  Expenses:Taxes:Y2015:US:SDI                         1.12 USD
  Expenses:Taxes:Y2015:US:SocSec                    281.54 USD
  Assets:US:Hoogle:Vacation                              5 VACHR
  Income:US:Hoogle:Vacation                             -5 VACHR

2015-11-05 * "Hoogle" | "Payroll"
  Assets:US:BofA:Checking                          2550.60 USD
  Assets:US:Federal:PreTax401k                        0.00 IRAUSD
  Income:US:Hoogle:Salary                         -4615.38 USD
  Income:US:Hoogle:GroupTermLife                    -24.32 USD
  Expenses:Health:Life:GroupTermLife                 24.32 USD
  Expenses:Health:Dental:Insurance                    2.90 USD
  Expenses:Health:Medical:Insurance                  27.38 USD
  Expenses:Health:Vision:Insurance                   42.30 USD
  Expenses:Taxes:Y2015:US:Medicare                  106.62 USD
  Expenses:Taxes:Y2015:US:Federal                  1062.92 USD
  Expenses:Taxes:Y2015:US:State                     365.08 USD
  Expenses:Taxes:Y2015:US:CityNYC                   174.92 USD
  Expenses:Taxes:Y2015:US:SDI                         1.12 USD
  Expenses:Taxes:Y2015:US:SocSec                    281.54 USD
  Assets:US:Hoogle:Vacation                              5 VACHR
  Income:US:Hoogle:Vacation                             -5 VACHR

2015-11-19 * "Hoogle" | "Payroll"
  Assets:US:BofA:Checking                          2550.60 USD
  Assets:US:Federal:PreTax401k                        0.00 IRAUSD
  Income:US:Hoogle:Salary                         -4615.38 USD
  Income:US:Hoogle:GroupTermLife                    -24.32 USD
  Expenses:Health:Life:GroupTermLife                 24.32 USD
  Expenses:Health:Dental:Insurance                    2.90 USD
  Expenses:Health:Medical:Insurance                  27.38 USD
  Expenses:Health:Vision:Insurance                   42.30 USD
  Expenses:Taxes:Y2015:US:Medicare                  106.62 USD
  Expenses:Taxes:Y2015:US:Federal                  1062.92 USD
  Expenses:Taxes:Y2015:US:State                     365.08 USD
  Expenses:Taxes:Y2015:US:CityNYC                   174.92 USD
  Expenses:Taxes:Y2015:US:SDI                         1.12 USD
  Expenses:Taxes:Y2015:US:SocSec                    281.54 USD
  Assets:US:Hoogle:Vacation                              5 VACHR
  Income:US:Hoogle:Vacation                             -5 VACHR



* Taxes

1980-05-12 open Income:US:Federal:PreTax401k                    IRAUSD
1980-05-12 open Assets:US:Federal:PreTax401k                    IRAUSD



** Tax Year 2013

2013-01-01 open Expenses:Taxes:Y2013:US:Federal:PreTax401k      IRAUSD
2013-01-01 open Expenses:Taxes:Y2013:US:Medicare                USD
2013-01-01 open Expenses:Taxes:Y2013:US:Federal                 USD
2013-01-01 open Expenses:Taxes:Y2013:US:CityNYC                 USD
2013-01-01 open Expenses:Taxes:Y2013:US:SDI                     USD
2013-01-01 open Expenses:Taxes:Y2013:US:State                   USD
2013-01-01 open Expenses:Taxes:Y2013:US:SocSec                  USD

2013-01-01 balance Assets:US:Federal:PreTax401k          0 IRAUSD

2013-01-01 * "Allowed contributions for one year"
  Income:US:Federal:PreTax401k                      -17500 IRAUSD
  Assets:US:Federal:PreTax401k                       17500 IRAUSD

2014-03-22 * "Filing taxes for 2013"
  Expenses:Taxes:Y2013:US:Federal                   500.04 USD
  Expenses:Taxes:Y2013:US:State                     311.05 USD
  Liabilities:AccountsPayable                      -811.09 USD

2014-03-22 * "FEDERAL TAXPYMT"
  Assets:US:BofA:Checking                          -500.04 USD
  Liabilities:AccountsPayable                       500.04 USD

2014-03-22 * "STATE TAX & FINANC PYMT"
  Assets:US:BofA:Checking                          -311.05 USD
  Liabilities:AccountsPayable                       311.05 USD



** Tax Year 2014

2014-01-01 open Expenses:Taxes:Y2014:US:Federal:PreTax401k      IRAUSD
2014-01-01 open Expenses:Taxes:Y2014:US:Medicare                USD
2014-01-01 open Expenses:Taxes:Y2014:US:Federal                 USD
2014-01-01 open Expenses:Taxes:Y2014:US:CityNYC                 USD
2014-01-01 open Expenses:Taxes:Y2014:US:SDI                     USD
2014-01-01 open Expenses:Taxes:Y2014:US:State                   USD
2014-01-01 open Expenses:Taxes:Y2014:US:SocSec                  USD

2014-01-01 balance Assets:US:Federal:PreTax401k          0 IRAUSD

2014-01-01 * "Allowed contributions for one year"
  Income:US:Federal:PreTax401k                      -17500 IRAUSD
  Assets:US:Federal:PreTax401k                       17500 IRAUSD

2015-03-20 * "Filing taxes for 2014"
  Expenses:Taxes:Y2014:US:Federal                   707.13 USD
  Expenses:Taxes:Y2014:US:State                     214.80 USD
  Liabilities:AccountsPayable                      -921.93 USD

2015-03-22 * "FEDERAL TAXPYMT"
  Assets:US:BofA:Checking                          -707.13 USD
  Liabilities:AccountsPayable                       707.13 USD

2015-03-22 * "STATE TAX & FINANC PYMT"
  Assets:US:BofA:Checking                          -214.80 USD
  Liabilities:AccountsPayable                       214.80 USD



** Tax Year 2015

2015-01-01 open Expenses:Taxes:Y2015:US:Federal:PreTax401k      IRAUSD
2015-01-01 open Expenses:Taxes:Y2015:US:Medicare                USD
2015-01-01 open Expenses:Taxes:Y2015:US:Federal                 USD
2015-01-01 open Expenses:Taxes:Y2015:US:CityNYC                 USD
2015-01-01 open Expenses:Taxes:Y2015:US:SDI                     USD
2015-01-01 open Expenses:Taxes:Y2015:US:State                   USD
2015-01-01 open Expenses:Taxes:Y2015:US:SocSec                  USD

2015-01-01 balance Assets:US:Federal:PreTax401k          0 IRAUSD

2015-01-01 * "Allowed contributions for one year"
  Income:US:Federal:PreTax401k                      -18000 IRAUSD
  Assets:US:Federal:PreTax401k                       18000 IRAUSD



* Expenses

1980-05-12 open Expenses:Food:Groceries
1980-05-12 open Expenses:Food:Restaurant
1980-05-12 open Expenses:Food:Coffee
1980-05-12 open Expenses:Food:Alcohol
1980-05-12 open Expenses:Transport:Tram
1980-05-12 open Expenses:Home:Rent
1980-05-12 open Expenses:Home:Electricity
1980-05-12 open Expenses:Home:Internet
1980-05-12 open Expenses:Home:Phone
1980-05-12 open Expenses:Financial:Fees
1980-05-12 open Expenses:Financial:Commissions



* Prices

2013-01-04 price VBMPX                              136.66 USD
2013-01-04 price RGAGX                              165.58 USD
2013-01-04 price ITOT                               189.09 USD
2013-01-04 price VEA                                159.73 USD
2013-01-04 price VHT                                169.32 USD
2013-01-04 price GLD                                 74.88 USD
2013-01-11 price VBMPX                              137.47 USD
2013-01-11 price RGAGX                              167.11 USD
2013-01-11 price ITOT                               191.21 USD
2013-01-11 price VEA                                159.89 USD
2013-01-11 price VHT                                172.22 USD
2013-01-11 price GLD                                 77.98 USD
2013-01-18 price VBMPX                              137.53 USD
2013-01-18 price RGAGX                              165.77 USD
2013-01-18 price ITOT                               188.60 USD
2013-01-18 price VEA                                160.56 USD
2013-01-18 price VHT                                172.56 USD
2013-01-18 price GLD                                 78.70 USD
2013-01-25 price VBMPX                              137.42 USD
2013-01-25 price RGAGX                              164.97 USD
2013-01-25 price ITOT                               189.29 USD
2013-01-25 price VEA                                162.30 USD
2013-01-25 price VHT                                172.70 USD
2013-01-25 price GLD                                 80.12 USD
2013-02-01 price VBMPX                              136.13 USD
2013-02-01 price RGAGX                              163.96 USD
2013-02-01 price ITOT                               189.86 USD
2013-02-01 price VEA                                162.87 USD
2013-02-01 price VHT                                174.22 USD
2013-02-01 price GLD                                 80.68 USD
2013-02-08 price VBMPX                              136.12 USD
2013-02-08 price RGAGX                              159.89 USD
2013-02-08 price ITOT                               189.33 USD
2013-02-08 price VEA                                162.03 USD
2013-02-08 price VHT                                175.74 USD
2013-02-08 price GLD                                 80.99 USD
2013-02-15 price VBMPX                              136.47 USD
2013-02-15 price RGAGX                              160.43 USD
2013-02-15 price ITOT                               188.07 USD
2013-02-15 price VEA                                161.95 USD
2013-02-15 price VHT                                175.03 USD
2013-02-15 price GLD                                 81.52 USD
2013-02-22 price VBMPX                              137.38 USD
2013-02-22 price RGAGX                              159.39 USD
2013-02-22 price ITOT                               186.91 USD
2013-02-22 price VEA                                162.63 USD
2013-02-22 price VHT                                176.80 USD
2013-02-22 price GLD                                 82.75 USD
2013-03-01 price VBMPX                              135.87 USD
2013-03-01 price RGAGX                              158.06 USD
2013-03-01 price ITOT                               184.27 USD
2013-03-01 price VEA                                162.33 USD
2013-03-01 price VHT                                178.05 USD
2013-03-01 price GLD                                 85.29 USD
2013-03-08 price VBMPX                              134.73 USD
2013-03-08 price RGAGX                              160.61 USD
2013-03-08 price ITOT                               183.29 USD
2013-03-08 price VEA                                164.56 USD
2013-03-08 price VHT                                179.43 USD
2013-03-08 price GLD                                 85.33 USD
2013-03-15 price VBMPX                              136.26 USD
2013-03-15 price RGAGX                              160.33 USD
2013-03-15 price ITOT                               181.32 USD
2013-03-15 price VEA                                165.89 USD
2013-03-15 price VHT                                179.77 USD
2013-03-15 price GLD                                 84.65 USD
2013-03-22 price VBMPX                              135.69 USD
2013-03-22 price RGAGX                              161.18 USD
2013-03-22 price ITOT                               180.31 USD
2013-03-22 price VEA                                165.23 USD
2013-03-22 price VHT                                178.62 USD
2013-03-22 price GLD                                 88.27 USD
2013-03-29 price VBMPX                              135.91 USD
2013-03-29 price RGAGX                              160.41 USD
2013-03-29 price ITOT                               180.07 USD
2013-03-29 price VEA                                166.34 USD
2013-03-29 price VHT                                180.22 USD
2013-03-29 price GLD                                 90.58 USD
2013-04-05 price VBMPX                              134.90 USD
2013-04-05 price RGAGX                              161.00 USD
2013-04-05 price ITOT                               178.58 USD
2013-04-05 price VEA                                167.63 USD
2013-04-05 price VHT                                179.25 USD
2013-04-05 price GLD                                 92.38 USD
2013-04-12 price VBMPX                              133.81 USD
2013-04-12 price RGAGX                              158.84 USD
2013-04-12 price ITOT                               176.26 USD
2013-04-12 price VEA                                170.12 USD
2013-04-12 price VHT                                179.16 USD
2013-04-12 price GLD                                 93.06 USD
2013-04-19 price VBMPX                              134.05 USD
2013-04-19 price RGAGX                              158.50 USD
2013-04-19 price ITOT                               177.91 USD
2013-04-19 price VEA                                171.60 USD
2013-04-19 price VHT                                179.48 USD
2013-04-19 price GLD                                 91.96 USD
2013-04-26 price VBMPX                              132.95 USD
2013-04-26 price RGAGX                              156.78 USD
2013-04-26 price ITOT                               180.40 USD
2013-04-26 price VEA                                173.02 USD
2013-04-26 price VHT                                181.90 USD
2013-04-26 price GLD                                 92.30 USD
2013-05-03 price VBMPX                              133.24 USD
2013-05-03 price RGAGX                              158.09 USD
2013-05-03 price ITOT                               181.91 USD
2013-05-03 price VEA                                174.50 USD
2013-05-03 price VHT                                181.17 USD
2013-05-03 price GLD                                 92.15 USD
2013-05-10 price VBMPX                              134.26 USD
2013-05-10 price RGAGX                              157.45 USD
2013-05-10 price ITOT                               183.60 USD
2013-05-10 price VEA                                174.77 USD
2013-05-10 price VHT                                181.69 USD
2013-05-10 price GLD                                 92.96 USD
2013-05-17 price VBMPX                              133.32 USD
2013-05-17 price RGAGX                              160.05 USD
2013-05-17 price ITOT                               182.47 USD
2013-05-17 price VEA                                174.51 USD
2013-05-17 price VHT                                182.64 USD
2013-05-17 price GLD                                 93.21 USD
2013-05-24 price VBMPX                              132.59 USD
2013-05-24 price RGAGX                              163.00 USD
2013-05-24 price ITOT                               181.79 USD
2013-05-24 price VEA                                174.30 USD
2013-05-24 price VHT                                183.47 USD
2013-05-24 price GLD                                 96.13 USD
2013-05-31 price VBMPX                              132.00 USD
2013-05-31 price RGAGX                              162.54 USD
2013-05-31 price ITOT                               180.56 USD
2013-05-31 price VEA                                175.05 USD
2013-05-31 price VHT                                183.22 USD
2013-05-31 price GLD                                 94.98 USD
2013-06-07 price VBMPX                              132.93 USD
2013-06-07 price RGAGX                              165.07 USD
2013-06-07 price ITOT                               181.43 USD
2013-06-07 price VEA                                176.09 USD
2013-06-07 price VHT                                182.17 USD
2013-06-07 price GLD                                 94.74 USD
2013-06-14 price VBMPX                              131.59 USD
2013-06-14 price RGAGX                              158.93 USD
2013-06-14 price ITOT                               183.26 USD
2013-06-14 price VEA                                177.00 USD
2013-06-14 price VHT                                181.65 USD
2013-06-14 price GLD                                 96.61 USD
2013-06-21 price VBMPX                              131.50 USD
2013-06-21 price RGAGX                              159.90 USD
2013-06-21 price ITOT                               187.82 USD
2013-06-21 price VEA                                178.24 USD
2013-06-21 price VHT                                181.24 USD
2013-06-21 price GLD                                 98.34 USD
2013-06-28 price VBMPX                              132.68 USD
2013-06-28 price RGAGX                              160.29 USD
2013-06-28 price ITOT                               188.59 USD
2013-06-28 price VEA                                180.76 USD
2013-06-28 price VHT                                180.53 USD
2013-06-28 price GLD                                 96.71 USD
2013-07-05 price VBMPX                              132.75 USD
2013-07-05 price RGAGX                              161.27 USD
2013-07-05 price ITOT                               187.84 USD
2013-07-05 price VEA                                180.80 USD
2013-07-05 price VHT                                181.05 USD
2013-07-05 price GLD                                 96.77 USD
2013-07-12 price VBMPX                              132.63 USD
2013-07-12 price RGAGX                              165.42 USD
2013-07-12 price ITOT                               189.99 USD
2013-07-12 price VEA                                180.61 USD
2013-07-12 price VHT                                179.48 USD
2013-07-12 price GLD                                 96.73 USD
2013-07-19 price VBMPX                              132.51 USD
2013-07-19 price RGAGX                              163.82 USD
2013-07-19 price ITOT                               191.39 USD
2013-07-19 price VEA                                181.77 USD
2013-07-19 price VHT                                180.03 USD
2013-07-19 price GLD                                 97.04 USD
2013-07-26 price VBMPX                              132.53 USD
2013-07-26 price RGAGX                              164.76 USD
2013-07-26 price ITOT                               192.28 USD
2013-07-26 price VEA                                182.10 USD
2013-07-26 price VHT                                182.03 USD
2013-07-26 price GLD                                 97.47 USD
2013-08-02 price VBMPX                              131.46 USD
2013-08-02 price RGAGX                              163.79 USD
2013-08-02 price ITOT                               188.19 USD
2013-08-02 price VEA                                179.03 USD
2013-08-02 price VHT                                181.08 USD
2013-08-02 price GLD                                 98.01 USD
2013-08-09 price VBMPX                              131.31 USD
2013-08-09 price RGAGX                              162.29 USD
2013-08-09 price ITOT                               190.54 USD
2013-08-09 price VEA                                179.35 USD
2013-08-09 price VHT                                179.99 USD
2013-08-09 price GLD                                 97.12 USD
2013-08-16 price VBMPX                              131.77 USD
2013-08-16 price RGAGX                              160.87 USD
2013-08-16 price ITOT                               194.98 USD
2013-08-16 price VEA                                179.51 USD
2013-08-16 price VHT                                181.09 USD
2013-08-16 price GLD                                 98.39 USD
2013-08-23 price VBMPX                              132.34 USD
2013-08-23 price RGAGX                              159.71 USD
2013-08-23 price ITOT                               195.08 USD
2013-08-23 price VEA                                179.92 USD
2013-08-23 price VHT                                182.58 USD
2013-08-23 price GLD                                 99.07 USD
2013-08-30 price VBMPX                              132.86 USD
2013-08-30 price RGAGX                              161.23 USD
2013-08-30 price ITOT                               196.66 USD
2013-08-30 price VEA                                180.25 USD
2013-08-30 price VHT                                183.72 USD
2013-08-30 price GLD                                 98.97 USD
2013-09-06 price VBMPX                              133.54 USD
2013-09-06 price RGAGX                              161.39 USD
2013-09-06 price ITOT                               196.95 USD
2013-09-06 price VEA                                180.85 USD
2013-09-06 price VHT                                184.91 USD
2013-09-06 price GLD                                101.15 USD
2013-09-13 price VBMPX                              132.52 USD
2013-09-13 price RGAGX                              159.16 USD
2013-09-13 price ITOT                               194.51 USD
2013-09-13 price VEA                                180.68 USD
2013-09-13 price VHT                                184.36 USD
2013-09-13 price GLD                                 98.37 USD
2013-09-20 price VBMPX                              133.00 USD
2013-09-20 price RGAGX                              158.66 USD
2013-09-20 price ITOT                               197.09 USD
2013-09-20 price VEA                                180.34 USD
2013-09-20 price VHT                                185.91 USD
2013-09-20 price GLD                                 97.60 USD
2013-09-27 price VBMPX                              134.29 USD
2013-09-27 price RGAGX                              154.66 USD
2013-09-27 price ITOT                               198.51 USD
2013-09-27 price VEA                                180.69 USD
2013-09-27 price VHT                                185.60 USD
2013-09-27 price GLD                                 98.27 USD
2013-10-04 price VBMPX                              135.48 USD
2013-10-04 price RGAGX                              154.39 USD
2013-10-04 price ITOT                               201.68 USD
2013-10-04 price VEA                                180.97 USD
2013-10-04 price VHT                                186.37 USD
2013-10-04 price GLD                                 99.64 USD
2013-10-11 price VBMPX                              134.43 USD
2013-10-11 price RGAGX                              153.88 USD
2013-10-11 price ITOT                               201.89 USD
2013-10-11 price VEA                                181.61 USD
2013-10-11 price VHT                                186.65 USD
2013-10-11 price GLD                                 98.95 USD
2013-10-18 price VBMPX                              135.33 USD
2013-10-18 price RGAGX                              149.85 USD
2013-10-18 price ITOT                               202.11 USD
2013-10-18 price VEA                                179.58 USD
2013-10-18 price VHT                                185.53 USD
2013-10-18 price GLD                                 98.82 USD
2013-10-25 price VBMPX                              135.47 USD
2013-10-25 price RGAGX                              147.27 USD
2013-10-25 price ITOT                               200.12 USD
2013-10-25 price VEA                                181.45 USD
2013-10-25 price VHT                                186.05 USD
2013-10-25 price GLD                                100.31 USD
2013-11-01 price VBMPX                              135.72 USD
2013-11-01 price RGAGX                              147.70 USD
2013-11-01 price ITOT                               199.37 USD
2013-11-01 price VEA                                181.91 USD
2013-11-01 price VHT                                185.59 USD
2013-11-01 price GLD                                101.91 USD
2013-11-08 price VBMPX                              135.40 USD
2013-11-08 price RGAGX                              145.73 USD
2013-11-08 price ITOT                               200.84 USD
2013-11-08 price VEA                                182.68 USD
2013-11-08 price VHT                                185.66 USD
2013-11-08 price GLD                                 99.11 USD
2013-11-15 price VBMPX                              135.80 USD
2013-11-15 price RGAGX                              144.35 USD
2013-11-15 price ITOT                               201.22 USD
2013-11-15 price VEA                                181.46 USD
2013-11-15 price VHT                                184.96 USD
2013-11-15 price GLD                                 98.68 USD
2013-11-22 price VBMPX                              136.81 USD
2013-11-22 price RGAGX                              143.35 USD
2013-11-22 price ITOT                               204.47 USD
2013-11-22 price VEA                                180.77 USD
2013-11-22 price VHT                                186.25 USD
2013-11-22 price GLD                                100.28 USD
2013-11-29 price VBMPX                              136.89 USD
2013-11-29 price RGAGX                              140.88 USD
2013-11-29 price ITOT                               203.86 USD
2013-11-29 price VEA                                180.67 USD
2013-11-29 price VHT                                185.88 USD
2013-11-29 price GLD                                100.66 USD
2013-12-06 price VBMPX                              137.59 USD
2013-12-06 price RGAGX                              139.64 USD
2013-12-06 price ITOT                               201.76 USD
2013-12-06 price VEA                                180.75 USD
2013-12-06 price VHT                                188.09 USD
2013-12-06 price GLD                                100.25 USD
2013-12-13 price VBMPX                              136.75 USD
2013-12-13 price RGAGX                              142.54 USD
2013-12-13 price ITOT                               201.92 USD
2013-12-13 price VEA                                180.58 USD
2013-12-13 price VHT                                189.43 USD
2013-12-13 price GLD                                100.00 USD
2013-12-20 price VBMPX                              137.18 USD
2013-12-20 price RGAGX                              144.55 USD
2013-12-20 price ITOT                               197.73 USD
2013-12-20 price VEA                                180.72 USD
2013-12-20 price VHT                                191.25 USD
2013-12-20 price GLD                                101.13 USD
2013-12-27 price VBMPX                              137.92 USD
2013-12-27 price RGAGX                              144.17 USD
2013-12-27 price ITOT                               198.89 USD
2013-12-27 price VEA                                179.71 USD
2013-12-27 price VHT                                192.62 USD
2013-12-27 price GLD                                103.20 USD
2014-01-03 price VBMPX                              137.99 USD
2014-01-03 price RGAGX                              143.92 USD
2014-01-03 price ITOT                               194.99 USD
2014-01-03 price VEA                                180.45 USD
2014-01-03 price VHT                                191.74 USD
2014-01-03 price GLD                                103.24 USD
2014-01-10 price VBMPX                              139.00 USD
2014-01-10 price RGAGX                              144.65 USD
2014-01-10 price ITOT                               194.49 USD
2014-01-10 price VEA                                180.81 USD
2014-01-10 price VHT                                192.44 USD
2014-01-10 price GLD                                104.78 USD
2014-01-17 price VBMPX                              140.08 USD
2014-01-17 price RGAGX                              147.15 USD
2014-01-17 price ITOT                               196.32 USD
2014-01-17 price VEA                                181.42 USD
2014-01-17 price VHT                                193.00 USD
2014-01-17 price GLD                                102.53 USD
2014-01-24 price VBMPX                              141.36 USD
2014-01-24 price RGAGX                              143.84 USD
2014-01-24 price ITOT                               198.37 USD
2014-01-24 price VEA                                181.39 USD
2014-01-24 price VHT                                190.66 USD
2014-01-24 price GLD                                105.12 USD
2014-01-31 price VBMPX                              141.60 USD
2014-01-31 price RGAGX                              142.99 USD
2014-01-31 price ITOT                               198.40 USD
2014-01-31 price VEA                                182.27 USD
2014-01-31 price VHT                                191.02 USD
2014-01-31 price GLD                                104.92 USD
2014-02-07 price VBMPX                              140.42 USD
2014-02-07 price RGAGX                              141.99 USD
2014-02-07 price ITOT                               204.49 USD
2014-02-07 price VEA                                183.32 USD
2014-02-07 price VHT                                190.55 USD
2014-02-07 price GLD                                103.05 USD
2014-02-14 price VBMPX                              139.76 USD
2014-02-14 price RGAGX                              142.38 USD
2014-02-14 price ITOT                               203.85 USD
2014-02-14 price VEA                                182.46 USD
2014-02-14 price VHT                                191.10 USD
2014-02-14 price GLD                                103.22 USD
2014-02-21 price VBMPX                              142.26 USD
2014-02-21 price RGAGX                              144.20 USD
2014-02-21 price ITOT                               205.14 USD
2014-02-21 price VEA                                182.09 USD
2014-02-21 price VHT                                192.65 USD
2014-02-21 price GLD                                102.24 USD
2014-02-28 price VBMPX                              144.31 USD
2014-02-28 price RGAGX                              146.35 USD
2014-02-28 price ITOT                               201.08 USD
2014-02-28 price VEA                                180.68 USD
2014-02-28 price VHT                                192.85 USD
2014-02-28 price GLD                                100.48 USD
2014-03-07 price VBMPX                              143.91 USD
2014-03-07 price RGAGX                              145.73 USD
2014-03-07 price ITOT                               202.15 USD
2014-03-07 price VEA                                183.23 USD
2014-03-07 price VHT                                191.66 USD
2014-03-07 price GLD                                102.26 USD
2014-03-14 price VBMPX                              144.32 USD
2014-03-14 price RGAGX                              145.46 USD
2014-03-14 price ITOT                               201.34 USD
2014-03-14 price VEA                                183.33 USD
2014-03-14 price VHT                                191.88 USD
2014-03-14 price GLD                                101.51 USD
2014-03-21 price VBMPX                              143.50 USD
2014-03-21 price RGAGX                              147.62 USD
2014-03-21 price ITOT                               198.43 USD
2014-03-21 price VEA                                183.07 USD
2014-03-21 price VHT                                190.97 USD
2014-03-21 price GLD                                102.20 USD
2014-03-28 price VBMPX                              143.60 USD
2014-03-28 price RGAGX                              146.55 USD
2014-03-28 price ITOT                               196.56 USD
2014-03-28 price VEA                                182.32 USD
2014-03-28 price VHT                                191.84 USD
2014-03-28 price GLD                                102.16 USD
2014-04-04 price VBMPX                              144.99 USD
2014-04-04 price RGAGX                              144.53 USD
2014-04-04 price ITOT                               193.88 USD
2014-04-04 price VEA                                179.85 USD
2014-04-04 price VHT                                191.42 USD
2014-04-04 price GLD                                106.01 USD
2014-04-11 price VBMPX                              145.31 USD
2014-04-11 price RGAGX                              146.28 USD
2014-04-11 price ITOT                               198.92 USD
2014-04-11 price VEA                                178.52 USD
2014-04-11 price VHT                                191.63 USD
2014-04-11 price GLD                                107.26 USD
2014-04-18 price VBMPX                              145.25 USD
2014-04-18 price RGAGX                              147.91 USD
2014-04-18 price ITOT                               196.18 USD
2014-04-18 price VEA                                180.25 USD
2014-04-18 price VHT                                191.11 USD
2014-04-18 price GLD                                105.15 USD
2014-04-25 price VBMPX                              145.41 USD
2014-04-25 price RGAGX                              150.55 USD
2014-04-25 price ITOT                               194.74 USD
2014-04-25 price VEA                                180.95 USD
2014-04-25 price VHT                                192.70 USD
2014-04-25 price GLD                                104.32 USD
2014-05-02 price VBMPX                              146.53 USD
2014-05-02 price RGAGX                              151.20 USD
2014-05-02 price ITOT                               196.57 USD
2014-05-02 price VEA                                180.24 USD
2014-05-02 price VHT                                192.49 USD
2014-05-02 price GLD                                104.37 USD
2014-05-09 price VBMPX                              147.13 USD
2014-05-09 price RGAGX                              150.55 USD
2014-05-09 price ITOT                               200.83 USD
2014-05-09 price VEA                                180.90 USD
2014-05-09 price VHT                                193.30 USD
2014-05-09 price GLD                                105.87 USD
2014-05-16 price VBMPX                              146.87 USD
2014-05-16 price RGAGX                              149.26 USD
2014-05-16 price ITOT                               204.66 USD
2014-05-16 price VEA                                181.52 USD
2014-05-16 price VHT                                192.76 USD
2014-05-16 price GLD                                107.60 USD
2014-05-23 price VBMPX                              146.09 USD
2014-05-23 price RGAGX                              147.79 USD
2014-05-23 price ITOT                               211.06 USD
2014-05-23 price VEA                                182.83 USD
2014-05-23 price VHT                                192.12 USD
2014-05-23 price GLD                                107.45 USD
2014-05-30 price VBMPX                              145.76 USD
2014-05-30 price RGAGX                              148.39 USD
2014-05-30 price ITOT                               212.16 USD
2014-05-30 price VEA                                183.29 USD
2014-05-30 price VHT                                194.30 USD
2014-05-30 price GLD                                106.96 USD
2014-06-06 price VBMPX                              146.56 USD
2014-06-06 price RGAGX                              146.57 USD
2014-06-06 price ITOT                               212.70 USD
2014-06-06 price VEA                                183.45 USD
2014-06-06 price VHT                                194.21 USD
2014-06-06 price GLD                                106.27 USD
2014-06-13 price VBMPX                              147.25 USD
2014-06-13 price RGAGX                              146.67 USD
2014-06-13 price ITOT                               211.84 USD
2014-06-13 price VEA                                184.73 USD
2014-06-13 price VHT                                194.58 USD
2014-06-13 price GLD                                106.07 USD
2014-06-20 price VBMPX                              147.37 USD
2014-06-20 price RGAGX                              145.41 USD
2014-06-20 price ITOT                               209.73 USD
2014-06-20 price VEA                                185.46 USD
2014-06-20 price VHT                                193.68 USD
2014-06-20 price GLD                                107.16 USD
2014-06-27 price VBMPX                              147.31 USD
2014-06-27 price RGAGX                              148.05 USD
2014-06-27 price ITOT                               213.40 USD
2014-06-27 price VEA                                186.95 USD
2014-06-27 price VHT                                195.26 USD
2014-06-27 price GLD                                108.26 USD
2014-07-04 price VBMPX                              147.84 USD
2014-07-04 price RGAGX                              150.52 USD
2014-07-04 price ITOT                               214.00 USD
2014-07-04 price VEA                                187.14 USD
2014-07-04 price VHT                                195.12 USD
2014-07-04 price GLD                                108.86 USD
2014-07-11 price VBMPX                              147.43 USD
2014-07-11 price RGAGX                              146.49 USD
2014-07-11 price ITOT                               211.69 USD
2014-07-11 price VEA                                187.30 USD
2014-07-11 price VHT                                197.05 USD
2014-07-11 price GLD                                109.84 USD
2014-07-18 price VBMPX                              147.74 USD
2014-07-18 price RGAGX                              146.98 USD
2014-07-18 price ITOT                               213.73 USD
2014-07-18 price VEA                                188.71 USD
2014-07-18 price VHT                                200.01 USD
2014-07-18 price GLD                                108.34 USD
2014-07-25 price VBMPX                              148.16 USD
2014-07-25 price RGAGX                              148.14 USD
2014-07-25 price ITOT                               215.64 USD
2014-07-25 price VEA                                189.33 USD
2014-07-25 price VHT                                199.53 USD
2014-07-25 price GLD                                108.97 USD
2014-08-01 price VBMPX                              147.95 USD
2014-08-01 price RGAGX                              150.75 USD
2014-08-01 price ITOT                               217.25 USD
2014-08-01 price VEA                                189.78 USD
2014-08-01 price VHT                                202.12 USD
2014-08-01 price GLD                                109.38 USD
2014-08-08 price VBMPX                              147.86 USD
2014-08-08 price RGAGX                              149.41 USD
2014-08-08 price ITOT                               219.32 USD
2014-08-08 price VEA                                191.01 USD
2014-08-08 price VHT                                203.40 USD
2014-08-08 price GLD                                110.14 USD
2014-08-15 price VBMPX                              147.95 USD
2014-08-15 price RGAGX                              150.87 USD
2014-08-15 price ITOT                               218.65 USD
2014-08-15 price VEA                                191.80 USD
2014-08-15 price VHT                                204.07 USD
2014-08-15 price GLD                                109.58 USD
2014-08-22 price VBMPX                              147.34 USD
2014-08-22 price RGAGX                              152.49 USD
2014-08-22 price ITOT                               221.11 USD
2014-08-22 price VEA                                189.72 USD
2014-08-22 price VHT                                202.73 USD
2014-08-22 price GLD                                110.50 USD
2014-08-29 price VBMPX                              147.47 USD
2014-08-29 price RGAGX                              153.62 USD
2014-08-29 price ITOT                               222.49 USD
2014-08-29 price VEA                                190.03 USD
2014-08-29 price VHT                                203.05 USD
2014-08-29 price GLD                                110.09 USD
2014-09-05 price VBMPX                              148.24 USD
2014-09-05 price RGAGX                              155.38 USD
2014-09-05 price ITOT                               220.05 USD
2014-09-05 price VEA                                190.78 USD
2014-09-05 price VHT                                203.88 USD
2014-09-05 price GLD                                109.32 USD
2014-09-12 price VBMPX                              149.58 USD
2014-09-12 price RGAGX                              155.68 USD
2014-09-12 price ITOT                               213.62 USD
2014-09-12 price VEA                                191.75 USD
2014-09-12 price VHT                                203.45 USD
2014-09-12 price GLD                                109.16 USD
2014-09-19 price VBMPX                              149.93 USD
2014-09-19 price RGAGX                              151.07 USD
2014-09-19 price ITOT                               215.86 USD
2014-09-19 price VEA                                193.08 USD
2014-09-19 price VHT                                202.27 USD
2014-09-19 price GLD                                109.99 USD
2014-09-26 price VBMPX                              149.80 USD
2014-09-26 price RGAGX                              150.92 USD
2014-09-26 price ITOT                               215.43 USD
2014-09-26 price VEA                                193.09 USD
2014-09-26 price VHT                                202.05 USD
2014-09-26 price GLD                                112.40 USD
2014-10-03 price VBMPX                              150.71 USD
2014-10-03 price RGAGX                              149.57 USD
2014-10-03 price ITOT                               215.19 USD
2014-10-03 price VEA                                194.58 USD
2014-10-03 price VHT                                202.04 USD
2014-10-03 price GLD                                111.03 USD
2014-10-10 price VBMPX                              149.65 USD
2014-10-10 price RGAGX                              151.30 USD
2014-10-10 price ITOT                               218.84 USD
2014-10-10 price VEA                                195.51 USD
2014-10-10 price VHT                                202.00 USD
2014-10-10 price GLD                                110.34 USD
2014-10-17 price VBMPX                              149.50 USD
2014-10-17 price RGAGX                              150.14 USD
2014-10-17 price ITOT                               219.32 USD
2014-10-17 price VEA                                196.07 USD
2014-10-17 price VHT                                202.48 USD
2014-10-17 price GLD                                108.08 USD
2014-10-24 price VBMPX                              148.28 USD
2014-10-24 price RGAGX                              145.82 USD
2014-10-24 price ITOT                               216.78 USD
2014-10-24 price VEA                                196.70 USD
2014-10-24 price VHT                                202.39 USD
2014-10-24 price GLD                                107.42 USD
2014-10-31 price VBMPX                              148.20 USD
2014-10-31 price RGAGX                              147.48 USD
2014-10-31 price ITOT                               216.86 USD
2014-10-31 price VEA                                199.34 USD
2014-10-31 price VHT                                204.06 USD
2014-10-31 price GLD                                109.28 USD
2014-11-07 price VBMPX                              148.85 USD
2014-11-07 price RGAGX                              147.74 USD
2014-11-07 price ITOT                               221.39 USD
2014-11-07 price VEA                                201.44 USD
2014-11-07 price VHT                                203.98 USD
2014-11-07 price GLD                                109.97 USD
2014-11-14 price VBMPX                              147.34 USD
2014-11-14 price RGAGX                              150.66 USD
2014-11-14 price ITOT                               224.55 USD
2014-11-14 price VEA                                203.45 USD
2014-11-14 price VHT                                202.72 USD
2014-11-14 price GLD                                109.48 USD
2014-11-21 price VBMPX                              147.65 USD
2014-11-21 price RGAGX                              150.57 USD
2014-11-21 price ITOT                               227.44 USD
2014-11-21 price VEA                                204.02 USD
2014-11-21 price VHT                                201.99 USD
2014-11-21 price GLD                                109.58 USD
2014-11-28 price VBMPX                              146.01 USD
2014-11-28 price RGAGX                              149.48 USD
2014-11-28 price ITOT                               231.21 USD
2014-11-28 price VEA                                206.38 USD
2014-11-28 price VHT                                200.49 USD
2014-11-28 price GLD                                107.82 USD
2014-12-05 price VBMPX                              146.45 USD
2014-12-05 price RGAGX                              147.20 USD
2014-12-05 price ITOT                               236.45 USD
2014-12-05 price VEA                                206.69 USD
2014-12-05 price VHT                                202.20 USD
2014-12-05 price GLD                                107.20 USD
2014-12-12 price VBMPX                              146.49 USD
2014-12-12 price RGAGX                              148.89 USD
2014-12-12 price ITOT                               233.80 USD
2014-12-12 price VEA                                207.78 USD
2014-12-12 price VHT                                202.83 USD
2014-12-12 price GLD                                106.15 USD
2014-12-19 price VBMPX                              145.93 USD
2014-12-19 price RGAGX                              148.11 USD
2014-12-19 price ITOT                               235.87 USD
2014-12-19 price VEA                                207.66 USD
2014-12-19 price VHT                                206.19 USD
2014-12-19 price GLD                                105.48 USD
2014-12-26 price VBMPX                              147.88 USD
2014-12-26 price RGAGX                              148.99 USD
2014-12-26 price ITOT                               235.89 USD
2014-12-26 price VEA                                207.01 USD
2014-12-26 price VHT                                205.09 USD
2014-12-26 price GLD                                108.50 USD
2015-01-02 price VBMPX                              149.04 USD
2015-01-02 price RGAGX                              149.37 USD
2015-01-02 price ITOT                               239.04 USD
2015-01-02 price VEA                                208.31 USD
2015-01-02 price VHT                                205.01 USD
2015-01-02 price GLD                                108.45 USD
2015-01-09 price VBMPX                              150.33 USD
2015-01-09 price RGAGX                              150.37 USD
2015-01-09 price ITOT                               238.58 USD
2015-01-09 price VEA                                207.98 USD
2015-01-09 price VHT                                203.53 USD
2015-01-09 price GLD                                109.14 USD
2015-01-16 price VBMPX                              150.65 USD
2015-01-16 price RGAGX                              149.89 USD
2015-01-16 price ITOT                               239.48 USD
2015-01-16 price VEA                                209.99 USD
2015-01-16 price VHT                                205.06 USD
2015-01-16 price GLD                                108.09 USD
2015-01-23 price VBMPX                              149.65 USD
2015-01-23 price RGAGX                              147.36 USD
2015-01-23 price ITOT                               244.63 USD
2015-01-23 price VEA                                211.34 USD
2015-01-23 price VHT                                206.98 USD
2015-01-23 price GLD                                110.51 USD
2015-01-30 price VBMPX                              149.72 USD
2015-01-30 price RGAGX                              147.38 USD
2015-01-30 price ITOT                               244.39 USD
2015-01-30 price VEA                                212.81 USD
2015-01-30 price VHT                                210.17 USD
2015-01-30 price GLD                                112.60 USD
2015-02-06 price VBMPX                              148.48 USD
2015-02-06 price RGAGX                              145.61 USD
2015-02-06 price ITOT                               242.65 USD
2015-02-06 price VEA                                212.16 USD
2015-02-06 price VHT                                209.88 USD
2015-02-06 price GLD                                114.37 USD
2015-02-13 price VBMPX                              149.22 USD
2015-02-13 price RGAGX                              146.97 USD
2015-02-13 price ITOT                               245.92 USD
2015-02-13 price VEA                                211.31 USD
2015-02-13 price VHT                                209.10 USD
2015-02-13 price GLD                                113.81 USD
2015-02-20 price VBMPX                              150.44 USD
2015-02-20 price RGAGX                              145.80 USD
2015-02-20 price ITOT                               249.57 USD
2015-02-20 price VEA                                212.20 USD
2015-02-20 price VHT                                209.71 USD
2015-02-20 price GLD                                115.52 USD
2015-02-27 price VBMPX                              151.29 USD
2015-02-27 price RGAGX                              144.02 USD
2015-02-27 price ITOT                               248.89 USD
2015-02-27 price VEA                                211.08 USD
2015-02-27 price VHT                                208.99 USD
2015-02-27 price GLD                                115.67 USD
2015-03-06 price VBMPX                              151.30 USD
2015-03-06 price RGAGX                              141.64 USD
2015-03-06 price ITOT                               245.14 USD
2015-03-06 price VEA                                209.80 USD
2015-03-06 price VHT                                210.84 USD
2015-03-06 price GLD                                116.17 USD
2015-03-13 price VBMPX                              152.10 USD
2015-03-13 price RGAGX                              141.55 USD
2015-03-13 price ITOT                               249.67 USD
2015-03-13 price VEA                                211.44 USD
2015-03-13 price VHT                                209.70 USD
2015-03-13 price GLD                                114.91 USD
2015-03-20 price VBMPX                              151.38 USD
2015-03-20 price RGAGX                              140.51 USD
2015-03-20 price ITOT                               247.21 USD
2015-03-20 price VEA                                211.05 USD
2015-03-20 price VHT                                210.60 USD
2015-03-20 price GLD                                114.33 USD
2015-03-27 price VBMPX                              154.14 USD
2015-03-27 price RGAGX                              140.29 USD
2015-03-27 price ITOT                               244.40 USD
2015-03-27 price VEA                                213.73 USD
2015-03-27 price VHT                                209.84 USD
2015-03-27 price GLD                                114.09 USD
2015-04-03 price VBMPX                              154.48 USD
2015-04-03 price RGAGX                              140.22 USD
2015-04-03 price ITOT                               244.10 USD
2015-04-03 price VEA                                213.13 USD
2015-04-03 price VHT                                210.25 USD
2015-04-03 price GLD                                115.04 USD
2015-04-10 price VBMPX                              154.02 USD
2015-04-10 price RGAGX                              143.17 USD
2015-04-10 price ITOT                               246.04 USD
2015-04-10 price VEA                                215.20 USD
2015-04-10 price VHT                                212.05 USD
2015-04-10 price GLD                                117.13 USD
2015-04-17 price VBMPX                              154.46 USD
2015-04-17 price RGAGX                              143.41 USD
2015-04-17 price ITOT                               241.49 USD
2015-04-17 price VEA                                214.95 USD
2015-04-17 price VHT                                214.69 USD
2015-04-17 price GLD                                116.15 USD
2015-04-24 price VBMPX                              153.97 USD
2015-04-24 price RGAGX                              144.93 USD
2015-04-24 price ITOT                               239.36 USD
2015-04-24 price VEA                                215.46 USD
2015-04-24 price VHT                                213.72 USD
2015-04-24 price GLD                                120.20 USD
2015-05-01 price VBMPX                              153.74 USD
2015-05-01 price RGAGX                              146.72 USD
2015-05-01 price ITOT                               236.41 USD
2015-05-01 price VEA                                217.04 USD
2015-05-01 price VHT                                213.64 USD
2015-05-01 price GLD                                122.63 USD
2015-05-08 price VBMPX                              153.82 USD
2015-05-08 price RGAGX                              146.43 USD
2015-05-08 price ITOT                               238.35 USD
2015-05-08 price VEA                                215.57 USD
2015-05-08 price VHT                                213.98 USD
2015-05-08 price GLD                                120.32 USD
2015-05-15 price VBMPX                              153.14 USD
2015-05-15 price RGAGX                              147.37 USD
2015-05-15 price ITOT                               239.72 USD
2015-05-15 price VEA                                215.74 USD
2015-05-15 price VHT                                214.74 USD
2015-05-15 price GLD                                121.52 USD
2015-05-22 price VBMPX                              152.29 USD
2015-05-22 price RGAGX                              148.82 USD
2015-05-22 price ITOT                               240.00 USD
2015-05-22 price VEA                                216.73 USD
2015-05-22 price VHT                                217.66 USD
2015-05-22 price GLD                                121.30 USD
2015-05-29 price VBMPX                              153.35 USD
2015-05-29 price RGAGX                              148.83 USD
2015-05-29 price ITOT                               237.95 USD
2015-05-29 price VEA                                216.19 USD
2015-05-29 price VHT                                219.12 USD
2015-05-29 price GLD                                120.97 USD
2015-06-05 price VBMPX                              153.03 USD
2015-06-05 price RGAGX                              148.16 USD
2015-06-05 price ITOT                               241.89 USD
2015-06-05 price VEA                                216.96 USD
2015-06-05 price VHT                                219.05 USD
2015-06-05 price GLD                                121.24 USD
2015-06-12 price VBMPX                              153.10 USD
2015-06-12 price RGAGX                              144.70 USD
2015-06-12 price ITOT                               243.15 USD
2015-06-12 price VEA                                217.92 USD
2015-06-12 price VHT                                219.45 USD
2015-06-12 price GLD                                121.85 USD
2015-06-19 price VBMPX                              153.92 USD
2015-06-19 price RGAGX                              143.65 USD
2015-06-19 price ITOT                               244.54 USD
2015-06-19 price VEA                                218.87 USD
2015-06-19 price VHT                                219.66 USD
2015-06-19 price GLD                                120.36 USD
2015-06-26 price VBMPX                              153.12 USD
2015-06-26 price RGAGX                              141.44 USD
2015-06-26 price ITOT                               243.42 USD
2015-06-26 price VEA                                218.87 USD
2015-06-26 price VHT                                220.03 USD
2015-06-26 price GLD                                120.32 USD
2015-07-03 price VBMPX                              153.87 USD
2015-07-03 price RGAGX                              141.68 USD
2015-07-03 price ITOT                               243.23 USD
2015-07-03 price VEA                                219.64 USD
2015-07-03 price VHT                                218.59 USD
2015-07-03 price GLD                                119.94 USD
2015-07-10 price VBMPX                              155.60 USD
2015-07-10 price RGAGX                              139.91 USD
2015-07-10 price ITOT                               246.51 USD
2015-07-10 price VEA                                220.55 USD
2015-07-10 price VHT                                217.33 USD
2015-07-10 price GLD                                119.51 USD
2015-07-17 price VBMPX                              153.14 USD
2015-07-17 price RGAGX                              141.76 USD
2015-07-17 price ITOT                               246.78 USD
2015-07-17 price VEA                                221.81 USD
2015-07-17 price VHT                                215.63 USD
2015-07-17 price GLD                                119.41 USD
2015-07-24 price VBMPX                              154.41 USD
2015-07-24 price RGAGX                              140.90 USD
2015-07-24 price ITOT                               242.91 USD
2015-07-24 price VEA                                223.12 USD
2015-07-24 price VHT                                216.26 USD
2015-07-24 price GLD                                120.72 USD
2015-07-31 price VBMPX                              154.44 USD
2015-07-31 price RGAGX                              140.61 USD
2015-07-31 price ITOT                               243.82 USD
2015-07-31 price VEA                                224.30 USD
2015-07-31 price VHT                                215.89 USD
2015-07-31 price GLD                                117.52 USD
2015-08-07 price VBMPX                              154.45 USD
2015-08-07 price RGAGX                              141.68 USD
2015-08-07 price ITOT                               240.87 USD
2015-08-07 price VEA                                223.23 USD
2015-08-07 price VHT                                218.99 USD
2015-08-07 price GLD                                121.02 USD
2015-08-14 price VBMPX                              153.09 USD
2015-08-14 price RGAGX                              142.91 USD
2015-08-14 price ITOT                               241.85 USD
2015-08-14 price VEA                                224.31 USD
2015-08-14 price VHT                                220.38 USD
2015-08-14 price GLD                                120.07 USD
2015-08-21 price VBMPX                              152.83 USD
2015-08-21 price RGAGX                              141.45 USD
2015-08-21 price ITOT                               238.15 USD
2015-08-21 price VEA                                226.36 USD
2015-08-21 price VHT                                221.31 USD
2015-08-21 price GLD                                118.91 USD
2015-08-28 price VBMPX                              153.71 USD
2015-08-28 price RGAGX                              140.44 USD
2015-08-28 price ITOT                               239.01 USD
2015-08-28 price VEA                                227.20 USD
2015-08-28 price VHT                                222.51 USD
2015-08-28 price GLD                                118.65 USD
2015-09-04 price VBMPX                              155.09 USD
2015-09-04 price RGAGX                              139.89 USD
2015-09-04 price ITOT                               244.58 USD
2015-09-04 price VEA                                227.99 USD
2015-09-04 price VHT                                222.26 USD
2015-09-04 price GLD                                118.72 USD
2015-09-11 price VBMPX                              154.29 USD
2015-09-11 price RGAGX                              140.12 USD
2015-09-11 price ITOT                               244.88 USD
2015-09-11 price VEA                                227.92 USD
2015-09-11 price VHT                                221.31 USD
2015-09-11 price GLD                                118.89 USD
2015-09-18 price VBMPX                              153.94 USD
2015-09-18 price RGAGX                              140.81 USD
2015-09-18 price ITOT                               242.34 USD
2015-09-18 price VEA                                229.63 USD
2015-09-18 price VHT                                220.06 USD
2015-09-18 price GLD                                118.82 USD
2015-09-25 price VBMPX                              155.67 USD
2015-09-25 price RGAGX                              141.73 USD
2015-09-25 price ITOT                               238.37 USD
2015-09-25 price VEA                                229.47 USD
2015-09-25 price VHT                                220.25 USD
2015-09-25 price GLD                                117.22 USD
2015-10-02 price VBMPX                              156.10 USD
2015-10-02 price RGAGX                              141.74 USD
2015-10-02 price ITOT                               241.85 USD
2015-10-02 price VEA                                230.85 USD
2015-10-02 price VHT                                218.59 USD
2015-10-02 price GLD                                121.38 USD
2015-10-09 price VBMPX                              156.60 USD
2015-10-09 price RGAGX                              139.65 USD
2015-10-09 price ITOT                               248.96 USD
2015-10-09 price VEA                                231.76 USD
2015-10-09 price VHT                                220.90 USD
2015-10-09 price GLD                                120.65 USD
2015-10-16 price VBMPX                              155.83 USD
2015-10-16 price RGAGX                              140.41 USD
2015-10-16 price ITOT                               251.85 USD
2015-10-16 price VEA                                230.00 USD
2015-10-16 price VHT                                219.24 USD
2015-10-16 price GLD                                119.57 USD
2015-10-23 price VBMPX                              155.77 USD
2015-10-23 price RGAGX                              142.65 USD
2015-10-23 price ITOT                               253.99 USD
2015-10-23 price VEA                                231.37 USD
2015-10-23 price VHT                                221.91 USD
2015-10-23 price GLD                                121.32 USD
2015-10-30 price VBMPX                              156.96 USD
2015-10-30 price RGAGX                              142.00 USD
2015-10-30 price ITOT                               252.08 USD
2015-10-30 price VEA                                231.39 USD
2015-10-30 price VHT                                224.17 USD
2015-10-30 price GLD                                123.39 USD
2015-11-06 price VBMPX                              157.59 USD
2015-11-06 price RGAGX                              142.35 USD
2015-11-06 price ITOT                               255.72 USD
2015-11-06 price VEA                                234.50 USD
2015-11-06 price VHT                                225.80 USD
2015-11-06 price GLD                                124.51 USD
2015-11-13 price VBMPX                              158.47 USD
2015-11-13 price RGAGX                              143.62 USD
2015-11-13 price ITOT                               251.70 USD
2015-11-13 price VEA                                233.15 USD
2015-11-13 price VHT                                224.37 USD
2015-11-13 price GLD                                124.63 USD
2015-11-20 price VBMPX                              159.51 USD
2015-11-20 price RGAGX                              145.31 USD
2015-11-20 price ITOT                               252.06 USD
2015-11-20 price VEA                                233.91 USD
2015-11-20 price VHT                                225.69 USD
2015-11-20 price GLD                                125.17 USD



* Cash
