;; -*- mode: org; mode: beancount; -*-
;; Birth: 1980-05-12
;; Dates: 2013-01-01 - 2015-11-28
;; THIS FILE HAS BEEN AUTO-GENERATED.
* Options

option "title" "Example Beancount file"
option "operating_currency" "USD"




* Commodities


1792-01-01 commodity USD
  export: "CASH"
  name: "US Dollar"

1900-01-01 commodity VMMXX
  export: "MUTF:VMMXX (MONEY:USD)"

1980-05-12 commodity VACHR
  export: "IGNORE"
  name: "Employer Vacation Hours"

1980-05-12 commodity IRAUSD
  export: "IGNORE"
  name: "US 401k and IRA Contributions"

1995-09-18 commodity VBMPX
  export: "MUTF:VBMPX"
  name: "Vanguard Total Bond Market Index Fund Institutional Plus Shares"
  price: "USD:google/MUTF:VBMPX"

2004-01-20 commodity ITOT
  export: "NYSEARCA:ITOT"
  name: "iShares Core S&P Total U.S. Stock Market ETF"
  price: "USD:google/NYSEARCA:ITOT"

2004-01-26 commodity VHT
  export: "NYSEARCA:VHT"
  name: "Vanguard Health Care ETF"
  price: "USD:google/NYSEARCA:VHT"

2004-11-01 commodity GLD
  export: "NYSEARCA:GLD"
  name: "SPDR Gold Trust (ETF)"
  price: "USD:google/NYSEARCA:GLD"

2007-07-20 commodity VEA
  export: "NYSEARCA:VEA"
  name: "Vanguard FTSE Developed Markets ETF"
  price: "USD:google/NYSEARCA:VEA"

2009-05-01 commodity RGAGX
  export: "MUTF:RGAGX"
  name: "American Funds The Growth Fund of America Class R-6"
  price: "USD:google/MUTF:RGAGX"



* Equity Accounts

1980-05-12 open Equity:Opening-Balances
1980-05-12 open Liabilities:AccountsPayable



* Banking

2013-01-01 open Assets:US:BofA:Checking                        USD

2013-01-01 * "Opening Balance for checking account"
  Assets:US:BofA:Checking                          3157.93 USD
  Equity:Opening-Balances                         -3157.93 USD

2013-01-02 balance Assets:US:BofA:Checking         3157.93 USD

2013-01-04 * "BANK FEES" | "Monthly bank fee"
  Assets:US:BofA:Checking                            -4.00 USD
  Expenses:Financial:Fees                             4.00 USD

2013-01-06 * "RiverBank Properties" | "Paying the rent"
  Assets:US:BofA:Checking                         -2400.00 USD
  Expenses:Home:Rent                               2400.00 USD

2013-01-09 * "EDISON POWER" | ""
  Assets:US:BofA:Checking                           -65.00 USD
  Expenses:Home:Electricity                          65.00 USD

2013-01-19 * "Verizon Wireless" | ""
  Assets:US:BofA:Checking                           -67.59 USD
  Expenses:Home:Phone                                67.59 USD

2013-01-21 balance Assets:US:BofA:Checking         3163.03 USD

2013-01-22 * "Wine-Tarner Cable" | ""
  Assets:US:BofA:Checking                           -79.98 USD
  Expenses:Home:Internet                             79.98 USD

2013-02-04 * "BANK FEES" | "Monthly bank fee"
  Assets:US:BofA:Checking                            -4.00 USD
  Expenses:Financial:Fees                             4.00 USD

2013-02-05 * "RiverBank Properties" | "Paying the rent"
  Assets:US:BofA:Checking                         -2400.00 USD
  Expenses:Home:Rent                               2400.00 USD

2013-02-08 * "EDISON POWER" | ""
  Assets:US:BofA:Checking                           -65.00 USD
  Expenses:Home:Electricity                          65.00 USD

2013-02-15 balance Assets:US:BofA:Checking         2780.73 USD

2013-02-19 * "Verizon Wireless" | ""
  Assets:US:BofA:Checking                           -51.03 USD
  Expenses:Home:Phone                                51.03 USD

2013-02-22 * "Wine-Tarner Cable" | ""
  Assets:US:BofA:Checking                           -79.85 USD
  Expenses:Home:Internet                             79.85 USD

2013-03-04 * "BANK FEES" | "Monthly bank fee"
  Assets:US:BofA:Checking                            -4.00 USD
  Expenses:Financial:Fees                             4.00 USD

2013-03-04 * "RiverBank Properties" | "Paying the rent"
  Assets:US:BofA:Checking                         -2400.00 USD
  Expenses:Home:Rent                               2400.00 USD

2013-03-08 * "EDISON POWER" | ""
  Assets:US:BofA:Checking                           -65.00 USD
  Expenses:Home:Electricity                          65.00 USD

2013-03-09 balance Assets:US:BofA:Checking         1531.45 USD

2013-03-19 * "Verizon Wireless" | ""
  Assets:US:BofA:Checking                           -57.23 USD
  Expenses:Home:Phone                                57.23 USD

2013-03-22 * "Wine-Tarner Cable" | ""
  Assets:US:BofA:Checking                           -79.97 USD
  Expenses:Home:Internet                             79.97 USD

2013-04-03 * "RiverBank Properties" | "Paying the rent"
  Assets:US:BofA:Checking                         -2400.00 USD
  Expenses:Home:Rent                               2400.00 USD

2013-04-04 * "BANK FEES" | "Monthly bank fee"
  Assets:US:BofA:Checking                            -4.00 USD
  Expenses:Financial:Fees                             4.00 USD

2013-04-07 balance Assets:US:BofA:Checking          982.52 USD

2013-04-08 * "EDISON POWER" | ""
  Assets:US:BofA:Checking                           -65.00 USD
  Expenses:Home:Electricity                          65.00 USD

2013-04-20 * "Verizon Wireless" | ""
  Assets:US:BofA:Checking                           -71.41 USD
  Expenses:Home:Phone                                71.41 USD

2013-04-22 * "Wine-Tarner Cable" | ""
  Assets:US:BofA:Checking                           -80.00 USD
  Expenses:Home:Internet                             80.00 USD

2013-05-04 balance Assets:US:BofA:Checking         2882.81 USD

2013-05-04 * "BANK FEES" | "Monthly bank fee"
  Assets:US:BofA:Checking                            -4.00 USD
  Expenses:Financial:Fees                             4.00 USD

2013-05-04 * "RiverBank Properties" | "Paying the rent"
  Assets:US:BofA:Checking                         -2400.00 USD
  Expenses:Home:Rent                               2400.00 USD

2013-05-09 * "EDISON POWER" | ""
  Assets:US:BofA:Checking                           -65.00 USD
  Expenses:Home:Electricity                          65.00 USD

2013-05-18 * "Verizon Wireless" | ""
  Assets:US:BofA:Checking                           -68.22 USD
  Expenses:Home:Phone                                68.22 USD

2013-05-22 * "Wine-Tarner Cable" | ""
  Assets:US:BofA:Checking                           -80.19 USD
  Expenses:Home:Internet                             80.19 USD

2013-05-29 balance Assets:US:BofA:Checking         2404.00 USD

2013-06-04 * "BANK FEES" | "Monthly bank fee"
  Assets:US:BofA:Checking                            -4.00 USD
  Expenses:Financial:Fees                             4.00 USD

2013-06-05 * "RiverBank Properties" | "Paying the rent"
  Assets:US:BofA:Checking                         -2400.00 USD
  Expenses:Home:Rent                               2400.00 USD

2013-06-09 * "EDISON POWER" | ""
  Assets:US:BofA:Checking                           -65.00 USD
  Expenses:Home:Electricity                          65.00 USD

2013-06-18 balance Assets:US:BofA:Checking          592.16 USD

2013-06-18 * "Verizon Wireless" | ""
  Assets:US:BofA:Checking                           -63.13 USD
  Expenses:Home:Phone                                63.13 USD

2013-06-22 * "Wine-Tarner Cable" | ""
  Assets:US:BofA:Checking                           -79.93 USD
  Expenses:Home:Internet                             79.93 USD

2013-07-04 * "BANK FEES" | "Monthly bank fee"
  Assets:US:BofA:Checking                            -4.00 USD
  Expenses:Financial:Fees                             4.00 USD

2013-07-06 * "RiverBank Properties" | "Paying the rent"
  Assets:US:BofA:Checking                         -2400.00 USD
  Expenses:Home:Rent                               2400.00 USD

2013-07-08 balance Assets:US:BofA:Checking          746.30 USD

2013-07-09 * "EDISON POWER" | ""
  Assets:US:BofA:Checking                           -65.00 USD
  Expenses:Home:Electricity                          65.00 USD

2013-07-18 * "Verizon Wireless" | ""
  Assets:US:BofA:Checking                           -50.68 USD
  Expenses:Home:Phone                                50.68 USD

2013-07-22 * "Wine-Tarner Cable" | ""
  Assets:US:BofA:Checking                           -79.86 USD
  Expenses:Home:Internet                             79.86 USD

2013-08-01 balance Assets:US:BofA:Checking         1744.92 USD

2013-08-04 * "BANK FEES" | "Monthly bank fee"
  Assets:US:BofA:Checking                            -4.00 USD
  Expenses:Financial:Fees                             4.00 USD

2013-08-04 * "RiverBank Properties" | "Paying the rent"
  Assets:US:BofA:Checking                         -2400.00 USD
  Expenses:Home:Rent                               2400.00 USD

2013-08-08 * "EDISON POWER" | ""
  Assets:US:BofA:Checking                           -65.00 USD
  Expenses:Home:Electricity                          65.00 USD

2013-08-16 * "Transfering accumulated savings to other account"
  Assets:US:BofA:Checking                            -3000 USD
  Assets:US:ETrade:Cash                               3000 USD

2013-08-20 * "Verizon Wireless" | ""
  Assets:US:BofA:Checking                           -61.29 USD
  Expenses:Home:Phone                                61.29 USD

2013-08-23 * "Wine-Tarner Cable" | ""
  Assets:US:BofA:Checking                           -80.17 USD
  Expenses:Home:Internet                             80.17 USD

2013-08-24 balance Assets:US:BofA:Checking          742.50 USD

2013-09-04 * "BANK FEES" | "Monthly bank fee"
  Assets:US:BofA:Checking                            -4.00 USD
  Expenses:Financial:Fees                             4.00 USD

2013-09-05 * "RiverBank Properties" | "Paying the rent"
  Assets:US:BofA:Checking                         -2400.00 USD
  Expenses:Home:Rent                               2400.00 USD

2013-09-09 * "EDISON POWER" | ""
  Assets:US:BofA:Checking                           -65.00 USD
  Expenses:Home:Electricity                          65.00 USD

2013-09-19 * "Verizon Wireless" | ""
  Assets:US:BofA:Checking                           -81.85 USD
  Expenses:Home:Phone                                81.85 USD

2013-09-21 balance Assets:US:BofA:Checking         2759.38 USD

2013-09-21 * "Wine-Tarner Cable" | ""
  Assets:US:BofA:Checking                           -79.98 USD
  Expenses:Home:Internet                             79.98 USD

2013-10-03 * "RiverBank Properties" | "Paying the rent"
  Assets:US:BofA:Checking                         -2400.00 USD
  Expenses:Home:Rent                               2400.00 USD

2013-10-04 * "BANK FEES" | "Monthly bank fee"
  Assets:US:BofA:Checking                            -4.00 USD
  Expenses:Financial:Fees                             4.00 USD

2013-10-09 * "EDISON POWER" | ""
  Assets:US:BofA:Checking                           -65.00 USD
  Expenses:Home:Electricity                          65.00 USD

2013-10-11 * "Transfering accumulated savings to other account"
  Assets:US:BofA:Checking                            -4000 USD
  Assets:US:ETrade:Cash                               4000 USD

2013-10-18 * "Verizon Wireless" | ""
  Assets:US:BofA:Checking                           -76.78 USD
  Expenses:Home:Phone                                76.78 USD

2013-10-20 balance Assets:US:BofA:Checking          400.06 USD

2013-10-22 * "Wine-Tarner Cable" | ""
  Assets:US:BofA:Checking                           -80.02 USD
  Expenses:Home:Internet                             80.02 USD

2013-11-04 * "BANK FEES" | "Monthly bank fee"
  Assets:US:BofA:Checking                            -4.00 USD
  Expenses:Financial:Fees                             4.00 USD

2013-11-05 * "RiverBank Properties" | "Paying the rent"
  Assets:US:BofA:Checking                         -2400.00 USD
  Expenses:Home:Rent                               2400.00 USD

2013-11-08 * "EDISON POWER" | ""
  Assets:US:BofA:Checking                           -65.00 USD
  Expenses:Home:Electricity                          65.00 USD

2013-11-17 balance Assets:US:BofA:Checking         2534.91 USD

2013-11-19 * "Verizon Wireless" | ""
  Assets:US:BofA:Checking                           -89.68 USD
  Expenses:Home:Phone                                89.68 USD

2013-11-21 * "Wine-Tarner Cable" | ""
  Assets:US:BofA:Checking                           -79.97 USD
  Expenses:Home:Internet                             79.97 USD

2013-12-03 * "RiverBank Properties" | "Paying the rent"
  Assets:US:BofA:Checking                         -2400.00 USD
  Expenses:Home:Rent                               2400.00 USD

2013-12-04 * "BANK FEES" | "Monthly bank fee"
  Assets:US:BofA:Checking                            -4.00 USD
  Expenses:Financial:Fees                             4.00 USD

2013-12-09 balance Assets:US:BofA:Checking         5100.92 USD

2013-12-09 * "EDISON POWER" | ""
  Assets:US:BofA:Checking                           -65.00 USD
  Expenses:Home:Electricity                          65.00 USD

2013-12-20 * "Verizon Wireless" | ""
  Assets:US:BofA:Checking                           -39.70 USD
  Expenses:Home:Phone                                39.70 USD

2013-12-23 * "Wine-Tarner Cable" | ""
  Assets:US:BofA:Checking                           -79.83 USD
  Expenses:Home:Internet                             79.83 USD

2014-01-04 balance Assets:US:BofA:Checking         8230.61 USD

2014-01-04 * "BANK FEES" | "Monthly bank fee"
  Assets:US:BofA:Checking                            -4.00 USD
  Expenses:Financial:Fees                             4.00 USD

2014-01-04 * "RiverBank Properties" | "Paying the rent"
  Assets:US:BofA:Checking                         -2400.00 USD
  Expenses:Home:Rent                               2400.00 USD

2014-01-08 * "EDISON POWER" | ""
  Assets:US:BofA:Checking                           -65.00 USD
  Expenses:Home:Electricity                          65.00 USD

2014-01-20 * "Verizon Wireless" | ""
  Assets:US:BofA:Checking                           -36.85 USD
  Expenses:Home:Phone                                36.85 USD

2014-01-23 * "Wine-Tarner Cable" | ""
  Assets:US:BofA:Checking                           -79.90 USD
  Expenses:Home:Internet                             79.90 USD

2014-02-02 balance Assets:US:BofA:Checking         7748.91 USD

2014-02-04 * "BANK FEES" | "Monthly bank fee"
  Assets:US:BofA:Checking                            -4.00 USD
  Expenses:Financial:Fees                             4.00 USD

2014-02-06 * "RiverBank Properties" | "Paying the rent"
  Assets:US:BofA:Checking                         -2400.00 USD
  Expenses:Home:Rent                               2400.00 USD

2014-02-09 * "EDISON POWER" | ""
  Assets:US:BofA:Checking                           -65.00 USD
  Expenses:Home:Electricity                          65.00 USD

2014-02-19 * "Verizon Wireless" | ""
  Assets:US:BofA:Checking                           -80.03 USD
  Expenses:Home:Phone                                80.03 USD

2014-02-22 * "Wine-Tarner Cable" | ""
  Assets:US:BofA:Checking                           -80.10 USD
  Expenses:Home:Internet                             80.10 USD

2014-03-01 balance Assets:US:BofA:Checking         7152.29 USD

2014-03-04 * "BANK FEES" | "Monthly bank fee"
  Assets:US:BofA:Checking                            -4.00 USD
  Expenses:Financial:Fees                             4.00 USD

2014-03-05 * "RiverBank Properties" | "Paying the rent"
  Assets:US:BofA:Checking                         -2400.00 USD
  Expenses:Home:Rent                               2400.00 USD

2014-03-09 * "EDISON POWER" | ""
  Assets:US:BofA:Checking                           -65.00 USD
  Expenses:Home:Electricity                          65.00 USD

2014-03-18 * "Verizon Wireless" | ""
  Assets:US:BofA:Checking                           -61.52 USD
  Expenses:Home:Phone                                61.52 USD

2014-03-21 * "Wine-Tarner Cable" | ""
  Assets:US:BofA:Checking                           -79.87 USD
  Expenses:Home:Internet                             79.87 USD

2014-03-30 balance Assets:US:BofA:Checking         6230.22 USD

2014-04-04 * "BANK FEES" | "Monthly bank fee"
  Assets:US:BofA:Checking                            -4.00 USD
  Expenses:Financial:Fees                             4.00 USD

2014-04-04 * "RiverBank Properties" | "Paying the rent"
  Assets:US:BofA:Checking                         -2400.00 USD
  Expenses:Home:Rent                               2400.00 USD

2014-04-08 * "EDISON POWER" | ""
  Assets:US:BofA:Checking                           -65.00 USD
  Expenses:Home:Electricity                          65.00 USD

2014-04-18 * "Verizon Wireless" | ""
  Assets:US:BofA:Checking                           -46.97 USD
  Expenses:Home:Phone                                46.97 USD

2014-04-22 * "Wine-Tarner Cable" | ""
  Assets:US:BofA:Checking                           -80.01 USD
  Expenses:Home:Internet                             80.01 USD

2014-04-26 balance Assets:US:BofA:Checking         5602.84 USD

2014-05-04 * "BANK FEES" | "Monthly bank fee"
  Assets:US:BofA:Checking                            -4.00 USD
  Expenses:Financial:Fees                             4.00 USD

2014-05-06 * "RiverBank Properties" | "Paying the rent"
  Assets:US:BofA:Checking                         -2400.00 USD
  Expenses:Home:Rent                               2400.00 USD

2014-05-09 * "EDISON POWER" | ""
  Assets:US:BofA:Checking                           -65.00 USD
  Expenses:Home:Electricity                          65.00 USD

2014-05-19 balance Assets:US:BofA:Checking         3895.15 USD

2014-05-19 * "Verizon Wireless" | ""
  Assets:US:BofA:Checking                           -68.08 USD
  Expenses:Home:Phone                                68.08 USD

2014-05-23 * "Wine-Tarner Cable" | ""
  Assets:US:BofA:Checking                           -79.95 USD
  Expenses:Home:Internet                             79.95 USD

2014-06-04 * "BANK FEES" | "Monthly bank fee"
  Assets:US:BofA:Checking                            -4.00 USD
  Expenses:Financial:Fees                             4.00 USD

2014-06-04 * "RiverBank Properties" | "Paying the rent"
  Assets:US:BofA:Checking                         -2400.00 USD
  Expenses:Home:Rent                               2400.00 USD

2014-06-08 * "EDISON POWER" | ""
  Assets:US:BofA:Checking                           -65.00 USD
  Expenses:Home:Electricity                          65.00 USD

2014-06-11 balance Assets:US:BofA:Checking         3387.75 USD

2014-06-20 * "Verizon Wireless" | ""
  Assets:US:BofA:Checking                           -74.50 USD
  Expenses:Home:Phone                                74.50 USD

2014-06-23 * "Wine-Tarner Cable" | ""
  Assets:US:BofA:Checking                           -79.99 USD
  Expenses:Home:Internet                             79.99 USD

2014-07-04 * "BANK FEES" | "Monthly bank fee"
  Assets:US:BofA:Checking                            -4.00 USD
  Expenses:Financial:Fees                             4.00 USD

2014-07-05 * "RiverBank Properties" | "Paying the rent"
  Assets:US:BofA:Checking                         -2400.00 USD
  Expenses:Home:Rent                               2400.00 USD

2014-07-06 balance Assets:US:BofA:Checking         3530.46 USD

2014-07-09 * "EDISON POWER" | ""
  Assets:US:BofA:Checking                           -65.00 USD
  Expenses:Home:Electricity                          65.00 USD

2014-07-18 * "Verizon Wireless" | ""
  Assets:US:BofA:Checking                           -61.57 USD
  Expenses:Home:Phone                                61.57 USD

2014-07-18 * "Transfering accumulated savings to other account"
  Assets:US:BofA:Checking                            -3500 USD
  Assets:US:ETrade:Cash                               3500 USD

2014-07-22 * "Wine-Tarner Cable" | ""
  Assets:US:BofA:Checking                           -80.18 USD
  Expenses:Home:Internet                             80.18 USD

2014-08-02 balance Assets:US:BofA:Checking         3573.18 USD

2014-08-04 * "BANK FEES" | "Monthly bank fee"
  Assets:US:BofA:Checking                            -4.00 USD
  Expenses:Financial:Fees                             4.00 USD

2014-08-04 * "RiverBank Properties" | "Paying the rent"
  Assets:US:BofA:Checking                         -2400.00 USD
  Expenses:Home:Rent                               2400.00 USD

2014-08-08 * "EDISON POWER" | ""
  Assets:US:BofA:Checking                           -65.00 USD
  Expenses:Home:Electricity                          65.00 USD

2014-08-18 * "Verizon Wireless" | ""
  Assets:US:BofA:Checking                           -64.39 USD
  Expenses:Home:Phone                                64.39 USD

2014-08-23 * "Wine-Tarner Cable" | ""
  Assets:US:BofA:Checking                           -80.02 USD
  Expenses:Home:Internet                             80.02 USD

2014-08-31 balance Assets:US:BofA:Checking         5251.39 USD

2014-09-04 * "BANK FEES" | "Monthly bank fee"
  Assets:US:BofA:Checking                            -4.00 USD
  Expenses:Financial:Fees                             4.00 USD

2014-09-06 * "RiverBank Properties" | "Paying the rent"
  Assets:US:BofA:Checking                         -2400.00 USD
  Expenses:Home:Rent                               2400.00 USD

2014-09-08 * "EDISON POWER" | ""
  Assets:US:BofA:Checking                           -65.00 USD
  Expenses:Home:Electricity                          65.00 USD

2014-09-12 * "Transfering accumulated savings to other account"
  Assets:US:BofA:Checking                            -4500 USD
  Assets:US:ETrade:Cash                               4500 USD

2014-09-20 * "Verizon Wireless" | ""
  Assets:US:BofA:Checking                           -58.03 USD
  Expenses:Home:Phone                                58.03 USD

2014-09-22 * "Wine-Tarner Cable" | ""
  Assets:US:BofA:Checking                           -80.14 USD
  Expenses:Home:Internet                             80.14 USD

2014-09-25 balance Assets:US:BofA:Checking          207.58 USD

2014-10-04 * "BANK FEES" | "Monthly bank fee"
  Assets:US:BofA:Checking                            -4.00 USD
  Expenses:Financial:Fees                             4.00 USD

2014-10-04 * "RiverBank Properties" | "Paying the rent"
  Assets:US:BofA:Checking                         -2400.00 USD
  Expenses:Home:Rent                               2400.00 USD

2014-10-09 * "EDISON POWER" | ""
  Assets:US:BofA:Checking                           -65.00 USD
  Expenses:Home:Electricity                          65.00 USD

2014-10-18 * "Verizon Wireless" | ""
  Assets:US:BofA:Checking                           -58.54 USD
  Expenses:Home:Phone                                58.54 USD

2014-10-22 * "Wine-Tarner Cable" | ""
  Assets:US:BofA:Checking                           -79.92 USD
  Expenses:Home:Internet                             79.92 USD

2014-10-23 balance Assets:US:BofA:Checking         2039.89 USD

2014-11-04 * "BANK FEES" | "Monthly bank fee"
  Assets:US:BofA:Checking                            -4.00 USD
  Expenses:Financial:Fees                             4.00 USD

2014-11-05 * "RiverBank Properties" | "Paying the rent"
  Assets:US:BofA:Checking                         -2400.00 USD
  Expenses:Home:Rent                               2400.00 USD

2014-11-07 * "Transfering accumulated savings to other account"
  Assets:US:BofA:Checking                            -3500 USD
  Assets:US:ETrade:Cash                               3500 USD

2014-11-08 * "EDISON POWER" | ""
  Assets:US:BofA:Checking                           -65.00 USD
  Expenses:Home:Electricity                          65.00 USD

2014-11-18 balance Assets:US:BofA:Checking          570.74 USD

2014-11-18 * "Verizon Wireless" | ""
  Assets:US:BofA:Checking                           -58.39 USD
  Expenses:Home:Phone                                58.39 USD

2014-11-21 * "Wine-Tarner Cable" | ""
  Assets:US:BofA:Checking                           -80.14 USD
  Expenses:Home:Internet                             80.14 USD

2014-12-04 * "BANK FEES" | "Monthly bank fee"
  Assets:US:BofA:Checking                            -4.00 USD
  Expenses:Financial:Fees                             4.00 USD

2014-12-05 * "RiverBank Properties" | "Paying the rent"
  Assets:US:BofA:Checking                         -2400.00 USD
  Expenses:Home:Rent                               2400.00 USD

2014-12-09 * "EDISON POWER" | ""
  Assets:US:BofA:Checking                           -65.00 USD
  Expenses:Home:Electricity                          65.00 USD

2014-12-16 balance Assets:US:BofA:Checking         2680.73 USD

2014-12-18 * "Verizon Wireless" | ""
  Assets:US:BofA:Checking                           -57.09 USD
  Expenses:Home:Phone                                57.09 USD

2014-12-23 * "Wine-Tarner Cable" | ""
  Assets:US:BofA:Checking                           -80.07 USD
  Expenses:Home:Internet                             80.07 USD

2015-01-04 * "BANK FEES" | "Monthly bank fee"
  Assets:US:BofA:Checking                            -4.00 USD
  Expenses:Financial:Fees                             4.00 USD

2015-01-06 * "RiverBank Properties" | "Paying the rent"
  Assets:US:BofA:Checking                         -2400.00 USD
  Expenses:Home:Rent                               2400.00 USD

2015-01-09 balance Assets:US:BofA:Checking         4322.31 USD

2015-01-09 * "EDISON POWER" | ""
  Assets:US:BofA:Checking                           -65.00 USD
  Expenses:Home:Electricity                          65.00 USD

2015-01-18 * "Verizon Wireless" | ""
  Assets:US:BofA:Checking                           -59.57 USD
  Expenses:Home:Phone                                59.57 USD

2015-01-21 * "Wine-Tarner Cable" | ""
  Assets:US:BofA:Checking                           -80.03 USD
  Expenses:Home:Internet                             80.03 USD

2015-02-04 balance Assets:US:BofA:Checking         6145.15 USD

2015-02-04 * "BANK FEES" | "Monthly bank fee"
  Assets:US:BofA:Checking                            -4.00 USD
  Expenses:Financial:Fees                             4.00 USD

2015-02-04 * "RiverBank Properties" | "Paying the rent"
  Assets:US:BofA:Checking                         -2400.00 USD
  Expenses:Home:Rent                               2400.00 USD

2015-02-09 * "EDISON POWER" | ""
  Assets:US:BofA:Checking                           -65.00 USD
  Expenses:Home:Electricity                          65.00 USD

2015-02-19 * "Verizon Wireless" | ""
  Assets:US:BofA:Checking                           -64.14 USD
  Expenses:Home:Phone                                64.14 USD

2015-02-21 * "Wine-Tarner Cable" | ""
  Assets:US:BofA:Checking                           -79.97 USD
  Expenses:Home:Internet                             79.97 USD

2015-02-28 balance Assets:US:BofA:Checking         5547.51 USD

2015-03-03 * "RiverBank Properties" | "Paying the rent"
  Assets:US:BofA:Checking                         -2400.00 USD
  Expenses:Home:Rent                               2400.00 USD

2015-03-04 * "BANK FEES" | "Monthly bank fee"
  Assets:US:BofA:Checking                            -4.00 USD
  Expenses:Financial:Fees                             4.00 USD

2015-03-08 * "EDISON POWER" | ""
  Assets:US:BofA:Checking                           -65.00 USD
  Expenses:Home:Electricity                          65.00 USD

2015-03-18 * "Verizon Wireless" | ""
  Assets:US:BofA:Checking                           -38.93 USD
  Expenses:Home:Phone                                38.93 USD

2015-03-21 * "Wine-Tarner Cable" | ""
  Assets:US:BofA:Checking                           -80.12 USD
  Expenses:Home:Internet                             80.12 USD

2015-03-24 balance Assets:US:BofA:Checking         2659.86 USD

2015-04-04 * "BANK FEES" | "Monthly bank fee"
  Assets:US:BofA:Checking                            -4.00 USD
  Expenses:Financial:Fees                             4.00 USD

2015-04-04 * "RiverBank Properties" | "Paying the rent"
  Assets:US:BofA:Checking                         -2400.00 USD
  Expenses:Home:Rent                               2400.00 USD

2015-04-09 * "EDISON POWER" | ""
  Assets:US:BofA:Checking                           -65.00 USD
  Expenses:Home:Electricity                          65.00 USD

2015-04-19 * "Verizon Wireless" | ""
  Assets:US:BofA:Checking                           -53.70 USD
  Expenses:Home:Phone                                53.70 USD

2015-04-20 balance Assets:US:BofA:Checking         1999.61 USD

2015-04-22 * "Wine-Tarner Cable" | ""
  Assets:US:BofA:Checking                           -80.01 USD
  Expenses:Home:Internet                             80.01 USD

2015-05-03 * "RiverBank Properties" | "Paying the rent"
  Assets:US:BofA:Checking                         -2400.00 USD
  Expenses:Home:Rent                               2400.00 USD

2015-05-04 * "BANK FEES" | "Monthly bank fee"
  Assets:US:BofA:Checking                            -4.00 USD
  Expenses:Financial:Fees                             4.00 USD

2015-05-09 * "EDISON POWER" | ""
  Assets:US:BofA:Checking                           -65.00 USD
  Expenses:Home:Electricity                          65.00 USD

2015-05-19 balance Assets:US:BofA:Checking         1602.50 USD

2015-05-20 * "Verizon Wireless" | ""
  Assets:US:BofA:Checking                           -66.02 USD
  Expenses:Home:Phone                                66.02 USD

2015-05-23 * "Wine-Tarner Cable" | ""
  Assets:US:BofA:Checking                           -80.10 USD
  Expenses:Home:Internet                             80.10 USD

2015-06-03 * "RiverBank Properties" | "Paying the rent"
  Assets:US:BofA:Checking                         -2400.00 USD
  Expenses:Home:Rent                               2400.00 USD

2015-06-04 * "BANK FEES" | "Monthly bank fee"
  Assets:US:BofA:Checking                            -4.00 USD
  Expenses:Financial:Fees                             4.00 USD

2015-06-08 * "EDISON POWER" | ""
  Assets:US:BofA:Checking                           -65.00 USD
  Expenses:Home:Electricity                          65.00 USD

2015-06-09 balance Assets:US:BofA:Checking         1688.58 USD

2015-06-20 * "Verizon Wireless" | ""
  Assets:US:BofA:Checking                           -67.58 USD
  Expenses:Home:Phone                                67.58 USD

2015-06-23 * "Wine-Tarner Cable" | ""
  Assets:US:BofA:Checking                           -80.09 USD
  Expenses:Home:Internet                             80.09 USD

2015-06-29 balance Assets:US:BofA:Checking         2334.17 USD

2015-07-03 * "RiverBank Properties" | "Paying the rent"
  Assets:US:BofA:Checking                         -2400.00 USD
  Expenses:Home:Rent                               2400.00 USD

2015-07-04 * "BANK FEES" | "Monthly bank fee"
  Assets:US:BofA:Checking                            -4.00 USD
  Expenses:Financial:Fees                             4.00 USD

2015-07-08 * "EDISON POWER" | ""
  Assets:US:BofA:Checking                           -65.00 USD
  Expenses:Home:Electricity                          65.00 USD

2015-07-18 * "Verizon Wireless" | ""
  Assets:US:BofA:Checking                           -58.63 USD
  Expenses:Home:Phone                                58.63 USD

2015-07-19 balance Assets:US:BofA:Checking         1808.70 USD

2015-07-23 * "Wine-Tarner Cable" | ""
  Assets:US:BofA:Checking                           -80.12 USD
  Expenses:Home:Internet                             80.12 USD

2015-08-03 * "RiverBank Properties" | "Paying the rent"
  Assets:US:BofA:Checking                         -2400.00 USD
  Expenses:Home:Rent                               2400.00 USD

2015-08-04 * "BANK FEES" | "Monthly bank fee"
  Assets:US:BofA:Checking                            -4.00 USD
  Expenses:Financial:Fees                             4.00 USD

2015-08-09 * "EDISON POWER" | ""
  Assets:US:BofA:Checking                           -65.00 USD
  Expenses:Home:Electricity                          65.00 USD

2015-08-12 balance Assets:US:BofA:Checking         1120.63 USD

2015-08-19 * "Verizon Wireless" | ""
  Assets:US:BofA:Checking                           -55.51 USD
  Expenses:Home:Phone                                55.51 USD

2015-08-22 * "Wine-Tarner Cable" | ""
  Assets:US:BofA:Checking                           -80.02 USD
  Expenses:Home:Internet                             80.02 USD

2015-09-03 * "RiverBank Properties" | "Paying the rent"
  Assets:US:BofA:Checking                         -2400.00 USD
  Expenses:Home:Rent                               2400.00 USD

2015-09-04 * "BANK FEES" | "Monthly bank fee"
  Assets:US:BofA:Checking                            -4.00 USD
  Expenses:Financial:Fees                             4.00 USD

2015-09-07 balance Assets:US:BofA:Checking         3682.30 USD

2015-09-09 * "EDISON POWER" | ""
  Assets:US:BofA:Checking                           -65.00 USD
  Expenses:Home:Electricity                          65.00 USD

2015-09-11 * "Transfering accumulated savings to other account"
  Assets:US:BofA:Checking                            -5000 USD
  Assets:US:ETrade:Cash                               5000 USD

2015-09-19 * "Verizon Wireless" | ""
  Assets:US:BofA:Checking                           -31.27 USD
  Expenses:Home:Phone                                31.27 USD

2015-09-21 * "Wine-Tarner Cable" | ""
  Assets:US:BofA:Checking                           -79.89 USD
  Expenses:Home:Internet                             79.89 USD

2015-10-04 * "BANK FEES" | "Monthly bank fee"
  Assets:US:BofA:Checking                            -4.00 USD
  Expenses:Financial:Fees                             4.00 USD

2015-10-05 balance Assets:US:BofA:Checking         2811.92 USD

2015-10-05 * "RiverBank Properties" | "Paying the rent"
  Assets:US:BofA:Checking                         -2400.00 USD
  Expenses:Home:Rent                               2400.00 USD

2015-10-09 * "EDISON POWER" | ""
  Assets:US:BofA:Checking                           -65.00 USD
  Expenses:Home:Electricity                          65.00 USD

2015-10-20 * "Verizon Wireless" | ""
  Assets:US:BofA:Checking                           -62.86 USD
  Expenses:Home:Phone                                62.86 USD

2015-10-22 * "Wine-Tarner Cable" | ""
  Assets:US:BofA:Checking                           -79.94 USD
  Expenses:Home:Internet                             79.94 USD

2015-10-23 * "Transfering accumulated savings to other account"
  Assets:US:BofA:Checking                            -4500 USD
  Assets:US:ETrade:Cash                               4500 USD

2015-11-04 balance Assets:US:BofA:Checking          294.08 USD

2015-11-04 * "BANK FEES" | "Monthly bank fee"
  Assets:US:BofA:Checking                            -4.00 USD
  Expenses:Financial:Fees                             4.00 USD

2015-11-20 * "Transfering accumulated savings to other account"
  Assets:US:BofA:Checking                            -5000 USD
  Assets:US:ETrade:Cash                               5000 USD



* Credit-Cards

1980-05-12 open Liabilities:US:Chase:Slate                      USD

2013-01-02 * "Goba Goba" | "Eating out with Bill"
  Liabilities:US:Chase:Slate                        -31.02 USD
  Expenses:Food:Restaurant                           31.02 USD

2013-01-04 * "Uncle Boons" | "Eating out after work"
  Liabilities:US:Chase:Slate                        -25.33 USD
  Expenses:Food:Restaurant                           25.33 USD

2013-01-08 * "Rose Flower" | "Eating out alone"
  Liabilities:US:Chase:Slate                        -67.88 USD
  Expenses:Food:Restaurant                           67.88 USD

2013-01-09 * "Jewel of Morroco" | "Eating out with Bill"
  Liabilities:US:Chase:Slate                        -35.28 USD
  Expenses:Food:Restaurant                           35.28 USD

2013-01-09 * "Chase:Slate" | "Paying off credit card"
  Liabilities:US:Chase:Slate                        159.51 USD
  Assets:US:BofA:Checking                          -159.51 USD

2013-01-14 * "Kin Soy" | "Eating out "
  Liabilities:US:Chase:Slate                        -25.84 USD
  Expenses:Food:Restaurant                           25.84 USD

2013-01-17 * "Jewel of Morroco" | "Eating out with Joe"
  Liabilities:US:Chase:Slate                        -36.73 USD
  Expenses:Food:Restaurant                           36.73 USD

2013-01-18 * "Corner Deli" | "Buying groceries"
  Liabilities:US:Chase:Slate                        -88.16 USD
  Expenses:Food:Groceries                            88.16 USD

2013-01-21 * "Cafe Modagor" | "Eating out with Bill"
  Liabilities:US:Chase:Slate                        -28.11 USD
  Expenses:Food:Restaurant                           28.11 USD

2013-01-22 * "Chichipotle" | "Eating out alone"
  Liabilities:US:Chase:Slate                        -21.12 USD
  Expenses:Food:Restaurant                           21.12 USD

2013-01-24 * "Chichipotle" | "Eating out after work"
  Liabilities:US:Chase:Slate                        -41.63 USD
  Expenses:Food:Restaurant                           41.63 USD

2013-01-27 balance Liabilities:US:Chase:Slate      -241.59 USD

2013-01-29 * "Cafe Modagor" | "Eating out "
  Liabilities:US:Chase:Slate                        -18.89 USD
  Expenses:Food:Restaurant                           18.89 USD

2013-01-31 * "Chichipotle" | "Eating out with Joe"
  Liabilities:US:Chase:Slate                        -12.94 USD
  Expenses:Food:Restaurant                           12.94 USD

2013-02-01 * "Good Moods Market" | "Buying groceries"
  Liabilities:US:Chase:Slate                        -52.42 USD
  Expenses:Food:Groceries                            52.42 USD

2013-02-02 * "Uncle Boons" | "Eating out with Bill"
  Liabilities:US:Chase:Slate                        -16.37 USD
  Expenses:Food:Restaurant                           16.37 USD

2013-02-03 * "Metro Transport Authority" | "Tram tickets"
  Liabilities:US:Chase:Slate                       -120.00 USD
  Expenses:Transport:Tram                           120.00 USD

2013-02-06 * "Kin Soy" | "Eating out alone"
  Liabilities:US:Chase:Slate                        -39.36 USD
  Expenses:Food:Restaurant                           39.36 USD

2013-02-08 * "Chase:Slate" | "Paying off credit card"
  Liabilities:US:Chase:Slate                        534.52 USD
  Assets:US:BofA:Checking                          -534.52 USD

2013-02-09 * "Rose Flower" | "Eating out with Joe"
  Liabilities:US:Chase:Slate                        -32.95 USD
  Expenses:Food:Restaurant                           32.95 USD

2013-02-12 * "Chichipotle" | "Eating out with Natasha"
  Liabilities:US:Chase:Slate                        -15.73 USD
  Expenses:Food:Restaurant                           15.73 USD

2013-02-15 * "Cafe Modagor" | "Eating out with Joe"
  Liabilities:US:Chase:Slate                        -13.61 USD
  Expenses:Food:Restaurant                           13.61 USD

2013-02-16 * "Cafe Modagor" | "Eating out with Julie"
  Liabilities:US:Chase:Slate                        -40.20 USD
  Expenses:Food:Restaurant                           40.20 USD

2013-02-17 * "Corner Deli" | "Buying groceries"
  Liabilities:US:Chase:Slate                        -55.18 USD
  Expenses:Food:Groceries                            55.18 USD

2013-02-18 * "Kin Soy" | "Eating out with Natasha"
  Liabilities:US:Chase:Slate                        -25.19 USD
  Expenses:Food:Restaurant                           25.19 USD

2013-02-20 balance Liabilities:US:Chase:Slate      -149.91 USD

2013-02-22 * "Uncle Boons" | "Eating out "
  Liabilities:US:Chase:Slate                        -60.08 USD
  Expenses:Food:Restaurant                           60.08 USD

2013-02-24 * "Onion Market" | "Buying groceries"
  Liabilities:US:Chase:Slate                        -73.20 USD
  Expenses:Food:Groceries                            73.20 USD

2013-02-25 * "Cafe Modagor" | "Eating out alone"
  Liabilities:US:Chase:Slate                        -31.70 USD
  Expenses:Food:Restaurant                           31.70 USD

2013-03-01 * "China Garden" | "Eating out "
  Liabilities:US:Chase:Slate                        -32.29 USD
  Expenses:Food:Restaurant                           32.29 USD

2013-03-04 * "Good Moods Market" | "Buying groceries"
  Liabilities:US:Chase:Slate                        -55.43 USD
  Expenses:Food:Groceries                            55.43 USD

2013-03-04 * "Metro Transport Authority" | "Tram tickets"
  Liabilities:US:Chase:Slate                       -120.00 USD
  Expenses:Transport:Tram                           120.00 USD

2013-03-05 * "China Garden" | "Eating out "
  Liabilities:US:Chase:Slate                        -20.44 USD
  Expenses:Food:Restaurant                           20.44 USD

2013-03-06 * "Rose Flower" | "Eating out with Julie"
  Liabilities:US:Chase:Slate                        -28.67 USD
  Expenses:Food:Restaurant                           28.67 USD

2013-03-07 * "Cafe Modagor" | "Eating out with Natasha"
  Liabilities:US:Chase:Slate                        -25.43 USD
  Expenses:Food:Restaurant                           25.43 USD

2013-03-09 * "Good Moods Market" | "Buying groceries"
  Liabilities:US:Chase:Slate                       -111.78 USD
  Expenses:Food:Groceries                           111.78 USD

2013-03-09 * "Chase:Slate" | "Paying off credit card"
  Liabilities:US:Chase:Slate                        708.93 USD
  Assets:US:BofA:Checking                          -708.93 USD

2013-03-11 * "Goba Goba" | "Eating out with work buddies"
  Liabilities:US:Chase:Slate                        -71.20 USD
  Expenses:Food:Restaurant                           71.20 USD

2013-03-13 balance Liabilities:US:Chase:Slate       -71.20 USD

2013-03-13 * "Jewel of Morroco" | "Eating out with Bill"
  Liabilities:US:Chase:Slate                        -18.03 USD
  Expenses:Food:Restaurant                           18.03 USD

2013-03-16 * "Goba Goba" | "Eating out "
  Liabilities:US:Chase:Slate                        -17.66 USD
  Expenses:Food:Restaurant                           17.66 USD

2013-03-18 * "Chichipotle" | "Eating out after work"
  Liabilities:US:Chase:Slate                        -30.58 USD
  Expenses:Food:Restaurant                           30.58 USD

2013-03-22 * "Kin Soy" | "Eating out "
  Liabilities:US:Chase:Slate                        -27.16 USD
  Expenses:Food:Restaurant                           27.16 USD

2013-03-23 * "Onion Market" | "Buying groceries"
  Liabilities:US:Chase:Slate                        -74.78 USD
  Expenses:Food:Groceries                            74.78 USD

2013-03-24 * "Rose Flower" | "Eating out with Julie"
  Liabilities:US:Chase:Slate                        -31.96 USD
  Expenses:Food:Restaurant                           31.96 USD

2013-03-25 * "Goba Goba" | "Eating out with Julie"
  Liabilities:US:Chase:Slate                        -45.00 USD
  Expenses:Food:Restaurant                           45.00 USD

2013-03-30 * "Uncle Boons" | "Eating out after work"
  Liabilities:US:Chase:Slate                        -25.71 USD
  Expenses:Food:Restaurant                           25.71 USD

2013-04-02 * "Onion Market" | "Buying groceries"
  Liabilities:US:Chase:Slate                        -73.02 USD
  Expenses:Food:Groceries                            73.02 USD

2013-04-03 * "Jewel of Morroco" | "Eating out "
  Liabilities:US:Chase:Slate                        -27.73 USD
  Expenses:Food:Restaurant                           27.73 USD

2013-04-04 balance Liabilities:US:Chase:Slate      -442.83 USD

2013-04-04 * "Metro Transport Authority" | "Tram tickets"
  Liabilities:US:Chase:Slate                       -120.00 USD
  Expenses:Transport:Tram                           120.00 USD

2013-04-07 * "Uncle Boons" | "Eating out with Joe"
  Liabilities:US:Chase:Slate                        -21.67 USD
  Expenses:Food:Restaurant                           21.67 USD

2013-04-07 * "Chase:Slate" | "Paying off credit card"
  Liabilities:US:Chase:Slate                        584.50 USD
  Assets:US:BofA:Checking                          -584.50 USD

2013-04-08 * "Rose Flower" | "Eating out with Bill"
  Liabilities:US:Chase:Slate                        -18.59 USD
  Expenses:Food:Restaurant                           18.59 USD

2013-04-09 * "Jewel of Morroco" | "Eating out with Julie"
  Liabilities:US:Chase:Slate                        -56.00 USD
  Expenses:Food:Restaurant                           56.00 USD

2013-04-13 * "Cafe Modagor" | "Eating out after work"
  Liabilities:US:Chase:Slate                        -17.39 USD
  Expenses:Food:Restaurant                           17.39 USD

2013-04-16 * "Rose Flower" | "Eating out with Joe"
  Liabilities:US:Chase:Slate                        -37.93 USD
  Expenses:Food:Restaurant                           37.93 USD

2013-04-18 * "China Garden" | "Eating out with Julie"
  Liabilities:US:Chase:Slate                        -26.73 USD
  Expenses:Food:Restaurant                           26.73 USD

2013-04-20 * "Uncle Boons" | "Eating out alone"
  Liabilities:US:Chase:Slate                        -15.84 USD
  Expenses:Food:Restaurant                           15.84 USD

2013-04-22 * "Corner Deli" | "Buying groceries"
  Liabilities:US:Chase:Slate                        -97.47 USD
  Expenses:Food:Groceries                            97.47 USD

2013-04-23 * "Rose Flower" | "Eating out with work buddies"
  Liabilities:US:Chase:Slate                        -27.22 USD
  Expenses:Food:Restaurant                           27.22 USD

2013-04-28 * "Rose Flower" | "Eating out alone"
  Liabilities:US:Chase:Slate                        -17.28 USD
  Expenses:Food:Restaurant                           17.28 USD

2013-05-02 balance Liabilities:US:Chase:Slate      -314.45 USD

2013-05-02 * "Kin Soy" | "Eating out with Natasha"
  Liabilities:US:Chase:Slate                        -29.08 USD
  Expenses:Food:Restaurant                           29.08 USD

2013-05-04 * "Cafe Modagor" | "Eating out alone"
  Liabilities:US:Chase:Slate                        -14.31 USD
  Expenses:Food:Restaurant                           14.31 USD

2013-05-06 * "Metro Transport Authority" | "Tram tickets"
  Liabilities:US:Chase:Slate                       -120.00 USD
  Expenses:Transport:Tram                           120.00 USD

2013-05-09 * "Goba Goba" | "Eating out with Julie"
  Liabilities:US:Chase:Slate                        -84.76 USD
  Expenses:Food:Restaurant                           84.76 USD

2013-05-09 * "Corner Deli" | "Buying groceries"
  Liabilities:US:Chase:Slate                        -69.51 USD
  Expenses:Food:Groceries                            69.51 USD

2013-05-09 * "Chase:Slate" | "Paying off credit card"
  Liabilities:US:Chase:Slate                        562.60 USD
  Assets:US:BofA:Checking                          -562.60 USD

2013-05-13 * "Cafe Modagor" | "Eating out with work buddies"
  Liabilities:US:Chase:Slate                        -23.66 USD
  Expenses:Food:Restaurant                           23.66 USD

2013-05-18 * "Chichipotle" | "Eating out "
  Liabilities:US:Chase:Slate                        -31.09 USD
  Expenses:Food:Restaurant                           31.09 USD

2013-05-21 * "Good Moods Market" | "Buying groceries"
  Liabilities:US:Chase:Slate                       -114.09 USD
  Expenses:Food:Groceries                           114.09 USD

2013-05-23 * "Cafe Modagor" | "Eating out with Natasha"
  Liabilities:US:Chase:Slate                        -34.11 USD
  Expenses:Food:Restaurant                           34.11 USD

2013-05-25 * "Rose Flower" | "Eating out alone"
  Liabilities:US:Chase:Slate                        -37.22 USD
  Expenses:Food:Restaurant                           37.22 USD

2013-05-26 * "China Garden" | "Eating out with Julie"
  Liabilities:US:Chase:Slate                        -14.29 USD
  Expenses:Food:Restaurant                           14.29 USD

2013-05-30 balance Liabilities:US:Chase:Slate      -323.97 USD

2013-05-31 * "Cafe Modagor" | "Eating out with work buddies"
  Liabilities:US:Chase:Slate                        -34.63 USD
  Expenses:Food:Restaurant                           34.63 USD

2013-06-03 * "Goba Goba" | "Eating out with Bill"
  Liabilities:US:Chase:Slate                        -18.22 USD
  Expenses:Food:Restaurant                           18.22 USD

2013-06-04 * "Rose Flower" | "Eating out with Bill"
  Liabilities:US:Chase:Slate                        -31.70 USD
  Expenses:Food:Restaurant                           31.70 USD

2013-06-07 * "Onion Market" | "Buying groceries"
  Liabilities:US:Chase:Slate                       -107.33 USD
  Expenses:Food:Groceries                           107.33 USD

2013-06-08 * "Goba Goba" | "Eating out with Julie"
  Liabilities:US:Chase:Slate                        -22.42 USD
  Expenses:Food:Restaurant                           22.42 USD

2013-06-08 * "Metro Transport Authority" | "Tram tickets"
  Liabilities:US:Chase:Slate                       -120.00 USD
  Expenses:Transport:Tram                           120.00 USD

2013-06-10 * "Chase:Slate" | "Paying off credit card"
  Liabilities:US:Chase:Slate                        693.44 USD
  Assets:US:BofA:Checking                          -693.44 USD

2013-06-12 * "Kin Soy" | "Eating out with Bill"
  Liabilities:US:Chase:Slate                        -35.17 USD
  Expenses:Food:Restaurant                           35.17 USD

2013-06-14 * "Goba Goba" | "Eating out "
  Liabilities:US:Chase:Slate                        -39.68 USD
  Expenses:Food:Restaurant                           39.68 USD

2013-06-15 * "China Garden" | "Eating out "
  Liabilities:US:Chase:Slate                        -32.59 USD
  Expenses:Food:Restaurant                           32.59 USD

2013-06-19 * "Chichipotle" | "Eating out after work"
  Liabilities:US:Chase:Slate                        -31.42 USD
  Expenses:Food:Restaurant                           31.42 USD

2013-06-20 * "China Garden" | "Eating out with work buddies"
  Liabilities:US:Chase:Slate                        -19.65 USD
  Expenses:Food:Restaurant                           19.65 USD

2013-06-23 * "Farmer Fresh" | "Buying groceries"
  Liabilities:US:Chase:Slate                        -54.63 USD
  Expenses:Food:Groceries                            54.63 USD

2013-06-24 * "Kin Soy" | "Eating out after work"
  Liabilities:US:Chase:Slate                        -44.31 USD
  Expenses:Food:Restaurant                           44.31 USD

2013-06-27 balance Liabilities:US:Chase:Slate      -222.28 USD

2013-06-28 * "Uncle Boons" | "Eating out after work"
  Liabilities:US:Chase:Slate                        -42.33 USD
  Expenses:Food:Restaurant                           42.33 USD

2013-06-30 * "Rose Flower" | "Eating out with Bill"
  Liabilities:US:Chase:Slate                        -24.30 USD
  Expenses:Food:Restaurant                           24.30 USD

2013-06-30 * "Good Moods Market" | "Buying groceries"
  Liabilities:US:Chase:Slate                        -83.21 USD
  Expenses:Food:Groceries                            83.21 USD

2013-07-03 * "Rose Flower" | "Eating out after work"
  Liabilities:US:Chase:Slate                        -17.29 USD
  Expenses:Food:Restaurant                           17.29 USD

2013-07-07 * "Goba Goba" | "Eating out after work"
  Liabilities:US:Chase:Slate                        -28.78 USD
  Expenses:Food:Restaurant                           28.78 USD

2013-07-08 * "Farmer Fresh" | "Buying groceries"
  Liabilities:US:Chase:Slate                        -92.12 USD
  Expenses:Food:Groceries                            92.12 USD

2013-07-08 * "Metro Transport Authority" | "Tram tickets"
  Liabilities:US:Chase:Slate                       -120.00 USD
  Expenses:Transport:Tram                           120.00 USD

2013-07-09 * "Chase:Slate" | "Paying off credit card"
  Liabilities:US:Chase:Slate                        656.44 USD
  Assets:US:BofA:Checking                          -656.44 USD

2013-07-11 * "Chichipotle" | "Eating out with Joe"
  Liabilities:US:Chase:Slate                        -26.13 USD
  Expenses:Food:Restaurant                           26.13 USD

2013-07-16 * "Goba Goba" | "Eating out with Joe"
  Liabilities:US:Chase:Slate                        -49.27 USD
  Expenses:Food:Restaurant                           49.27 USD

2013-07-21 * "Cafe Modagor" | "Eating out after work"
  Liabilities:US:Chase:Slate                        -31.11 USD
  Expenses:Food:Restaurant                           31.11 USD

2013-07-23 * "Goba Goba" | "Eating out with Natasha"
  Liabilities:US:Chase:Slate                        -38.77 USD
  Expenses:Food:Restaurant                           38.77 USD

2013-07-26 balance Liabilities:US:Chase:Slate      -119.15 USD

2013-07-26 * "Good Moods Market" | "Buying groceries"
  Liabilities:US:Chase:Slate                        -55.88 USD
  Expenses:Food:Groceries                            55.88 USD

2013-07-27 * "Chichipotle" | "Eating out with Bill"
  Liabilities:US:Chase:Slate                        -62.86 USD
  Expenses:Food:Restaurant                           62.86 USD

2013-08-01 * "Rose Flower" | "Eating out with Joe"
  Liabilities:US:Chase:Slate                        -32.99 USD
  Expenses:Food:Restaurant                           32.99 USD

2013-08-03 * "Good Moods Market" | "Buying groceries"
  Liabilities:US:Chase:Slate                        -61.71 USD
  Expenses:Food:Groceries                            61.71 USD

2013-08-05 * "Chichipotle" | "Eating out with Julie"
  Liabilities:US:Chase:Slate                        -20.04 USD
  Expenses:Food:Restaurant                           20.04 USD

2013-08-08 * "Metro Transport Authority" | "Tram tickets"
  Liabilities:US:Chase:Slate                       -120.00 USD
  Expenses:Transport:Tram                           120.00 USD

2013-08-09 * "Chase:Slate" | "Paying off credit card"
  Liabilities:US:Chase:Slate                        493.16 USD
  Assets:US:BofA:Checking                          -493.16 USD

2013-08-10 * "China Garden" | "Eating out with work buddies"
  Liabilities:US:Chase:Slate                        -20.53 USD
  Expenses:Food:Restaurant                           20.53 USD

2013-08-10 * "Farmer Fresh" | "Buying groceries"
  Liabilities:US:Chase:Slate                       -100.89 USD
  Expenses:Food:Groceries                           100.89 USD

2013-08-14 * "Rose Flower" | "Eating out with work buddies"
  Liabilities:US:Chase:Slate                        -30.90 USD
  Expenses:Food:Restaurant                           30.90 USD

2013-08-15 * "China Garden" | "Eating out "
  Liabilities:US:Chase:Slate                        -26.87 USD
  Expenses:Food:Restaurant                           26.87 USD

2013-08-16 * "Kin Soy" | "Eating out after work"
  Liabilities:US:Chase:Slate                        -38.70 USD
  Expenses:Food:Restaurant                           38.70 USD

2013-08-20 * "Kin Soy" | "Eating out after work"
  Liabilities:US:Chase:Slate                        -18.82 USD
  Expenses:Food:Restaurant                           18.82 USD

2013-08-22 * "Rose Flower" | "Eating out with Bill"
  Liabilities:US:Chase:Slate                        -18.82 USD
  Expenses:Food:Restaurant                           18.82 USD

2013-08-24 balance Liabilities:US:Chase:Slate      -235.00 USD

2013-08-25 * "Chichipotle" | "Eating out alone"
  Liabilities:US:Chase:Slate                        -23.27 USD
  Expenses:Food:Restaurant                           23.27 USD

2013-08-26 * "Farmer Fresh" | "Buying groceries"
  Liabilities:US:Chase:Slate                        -81.54 USD
  Expenses:Food:Groceries                            81.54 USD

2013-08-30 * "Rose Flower" | "Eating out "
  Liabilities:US:Chase:Slate                        -28.31 USD
  Expenses:Food:Restaurant                           28.31 USD

2013-09-01 * "Kin Soy" | "Eating out with Natasha"
  Liabilities:US:Chase:Slate                        -42.10 USD
  Expenses:Food:Restaurant                           42.10 USD

2013-09-06 * "Goba Goba" | "Eating out with Natasha"
  Liabilities:US:Chase:Slate                        -45.68 USD
  Expenses:Food:Restaurant                           45.68 USD

2013-09-07 * "Chase:Slate" | "Paying off credit card"
  Liabilities:US:Chase:Slate                        533.47 USD
  Assets:US:BofA:Checking                          -533.47 USD

2013-09-08 * "Jewel of Morroco" | "Eating out alone"
  Liabilities:US:Chase:Slate                        -77.57 USD
  Expenses:Food:Restaurant                           77.57 USD

2013-09-09 * "Farmer Fresh" | "Buying groceries"
  Liabilities:US:Chase:Slate                        -54.79 USD
  Expenses:Food:Groceries                            54.79 USD

2013-09-09 * "Metro Transport Authority" | "Tram tickets"
  Liabilities:US:Chase:Slate                       -120.00 USD
  Expenses:Transport:Tram                           120.00 USD

2013-09-11 * "China Garden" | "Eating out after work"
  Liabilities:US:Chase:Slate                        -24.42 USD
  Expenses:Food:Restaurant                           24.42 USD

2013-09-13 * "Rose Flower" | "Eating out with Bill"
  Liabilities:US:Chase:Slate                        -38.58 USD
  Expenses:Food:Restaurant                           38.58 USD

2013-09-18 * "Jewel of Morroco" | "Eating out with Julie"
  Liabilities:US:Chase:Slate                        -25.81 USD
  Expenses:Food:Restaurant                           25.81 USD

2013-09-19 balance Liabilities:US:Chase:Slate      -263.60 USD

2013-09-19 * "Chichipotle" | "Eating out with Joe"
  Liabilities:US:Chase:Slate                        -22.34 USD
  Expenses:Food:Restaurant                           22.34 USD

2013-09-21 * "Jewel of Morroco" | "Eating out with Natasha"
  Liabilities:US:Chase:Slate                        -32.04 USD
  Expenses:Food:Restaurant                           32.04 USD

2013-09-25 * "Good Moods Market" | "Buying groceries"
  Liabilities:US:Chase:Slate                        -80.20 USD
  Expenses:Food:Groceries                            80.20 USD

2013-09-26 * "Cafe Modagor" | "Eating out with Julie"
  Liabilities:US:Chase:Slate                        -26.06 USD
  Expenses:Food:Restaurant                           26.06 USD

2013-09-28 * "Jewel of Morroco" | "Eating out with work buddies"
  Liabilities:US:Chase:Slate                        -28.70 USD
  Expenses:Food:Restaurant                           28.70 USD

2013-10-01 * "China Garden" | "Eating out with Natasha"
  Liabilities:US:Chase:Slate                        -25.05 USD
  Expenses:Food:Restaurant                           25.05 USD

2013-10-04 * "Jewel of Morroco" | "Eating out alone"
  Liabilities:US:Chase:Slate                        -14.46 USD
  Expenses:Food:Restaurant                           14.46 USD

2013-10-05 * "Goba Goba" | "Eating out with work buddies"
  Liabilities:US:Chase:Slate                        -32.80 USD
  Expenses:Food:Restaurant                           32.80 USD

2013-10-08 * "Goba Goba" | "Eating out with Joe"
  Liabilities:US:Chase:Slate                        -43.52 USD
  Expenses:Food:Restaurant                           43.52 USD

2013-10-08 * "Good Moods Market" | "Buying groceries"
  Liabilities:US:Chase:Slate                       -113.81 USD
  Expenses:Food:Groceries                           113.81 USD

2013-10-08 * "Metro Transport Authority" | "Tram tickets"
  Liabilities:US:Chase:Slate                       -120.00 USD
  Expenses:Transport:Tram                           120.00 USD

2013-10-09 balance Liabilities:US:Chase:Slate      -802.58 USD

2013-10-09 * "Cafe Modagor" | "Eating out with Julie"
  Liabilities:US:Chase:Slate                        -32.18 USD
  Expenses:Food:Restaurant                           32.18 USD

2013-10-09 * "Chase:Slate" | "Paying off credit card"
  Liabilities:US:Chase:Slate                        834.76 USD
  Assets:US:BofA:Checking                          -834.76 USD

2013-10-10 * "Rose Flower" | "Eating out after work"
  Liabilities:US:Chase:Slate                        -37.59 USD
  Expenses:Food:Restaurant                           37.59 USD

2013-10-14 * "Goba Goba" | "Eating out alone"
  Liabilities:US:Chase:Slate                        -38.68 USD
  Expenses:Food:Restaurant                           38.68 USD

2013-10-17 * "Chichipotle" | "Eating out with Joe"
  Liabilities:US:Chase:Slate                        -30.29 USD
  Expenses:Food:Restaurant                           30.29 USD

2013-10-18 * "Good Moods Market" | "Buying groceries"
  Liabilities:US:Chase:Slate                        -57.01 USD
  Expenses:Food:Groceries                            57.01 USD

2013-10-22 * "Jewel of Morroco" | "Eating out with Bill"
  Liabilities:US:Chase:Slate                        -14.70 USD
  Expenses:Food:Restaurant                           14.70 USD

2013-10-25 * "Kin Soy" | "Eating out with work buddies"
  Liabilities:US:Chase:Slate                        -21.07 USD
  Expenses:Food:Restaurant                           21.07 USD

2013-10-28 * "Chichipotle" | "Eating out with Bill"
  Liabilities:US:Chase:Slate                        -36.16 USD
  Expenses:Food:Restaurant                           36.16 USD

2013-10-31 * "Corner Deli" | "Buying groceries"
  Liabilities:US:Chase:Slate                        -97.95 USD
  Expenses:Food:Groceries                            97.95 USD

2013-11-01 * "Goba Goba" | "Eating out with Joe"
  Liabilities:US:Chase:Slate                        -31.17 USD
  Expenses:Food:Restaurant                           31.17 USD

2013-11-03 balance Liabilities:US:Chase:Slate      -364.62 USD

2013-11-04 * "Chichipotle" | "Eating out with Bill"
  Liabilities:US:Chase:Slate                        -36.28 USD
  Expenses:Food:Restaurant                           36.28 USD

2013-11-07 * "Cafe Modagor" | "Eating out with Natasha"
  Liabilities:US:Chase:Slate                        -16.43 USD
  Expenses:Food:Restaurant                           16.43 USD

2013-11-07 * "Chase:Slate" | "Paying off credit card"
  Liabilities:US:Chase:Slate                        417.33 USD
  Assets:US:BofA:Checking                          -417.33 USD

2013-11-10 * "Metro Transport Authority" | "Tram tickets"
  Liabilities:US:Chase:Slate                       -120.00 USD
  Expenses:Transport:Tram                           120.00 USD

2013-11-11 * "Jewel of Morroco" | "Eating out after work"
  Liabilities:US:Chase:Slate                        -35.70 USD
  Expenses:Food:Restaurant                           35.70 USD

2013-11-12 * "Kin Soy" | "Eating out with Joe"
  Liabilities:US:Chase:Slate                        -23.31 USD
  Expenses:Food:Restaurant                           23.31 USD

2013-11-15 * "Farmer Fresh" | "Buying groceries"
  Liabilities:US:Chase:Slate                        -55.39 USD
  Expenses:Food:Groceries                            55.39 USD

2013-11-16 * "Rose Flower" | "Eating out with Bill"
  Liabilities:US:Chase:Slate                        -41.97 USD
  Expenses:Food:Restaurant                           41.97 USD

2013-11-19 * "Uncle Boons" | "Eating out with work buddies"
  Liabilities:US:Chase:Slate                        -26.76 USD
  Expenses:Food:Restaurant                           26.76 USD

2013-11-24 * "Rose Flower" | "Eating out "
  Liabilities:US:Chase:Slate                        -46.79 USD
  Expenses:Food:Restaurant                           46.79 USD

2013-11-24 * "Onion Market" | "Buying groceries"
  Liabilities:US:Chase:Slate                        -87.33 USD
  Expenses:Food:Groceries                            87.33 USD

2013-11-25 balance Liabilities:US:Chase:Slate      -437.25 USD

2013-11-27 * "Cafe Modagor" | "Eating out with Natasha"
  Liabilities:US:Chase:Slate                        -21.11 USD
  Expenses:Food:Restaurant                           21.11 USD

2013-11-28 * "Rose Flower" | "Eating out after work"
  Liabilities:US:Chase:Slate                        -26.45 USD
  Expenses:Food:Restaurant                           26.45 USD

2013-12-02 * "Chichipotle" | "Eating out with Natasha"
  Liabilities:US:Chase:Slate                        -66.52 USD
  Expenses:Food:Restaurant                           66.52 USD

2013-12-03 * "Rose Flower" | "Eating out with Natasha"
  Liabilities:US:Chase:Slate                        -31.27 USD
  Expenses:Food:Restaurant                           31.27 USD

2013-12-04 * "Uncle Boons" | "Eating out with Joe"
  Liabilities:US:Chase:Slate                        -29.39 USD
  Expenses:Food:Restaurant                           29.39 USD

2013-12-05 * "Goba Goba" | "Eating out with Bill"
  Liabilities:US:Chase:Slate                        -27.10 USD
  Expenses:Food:Restaurant                           27.10 USD

2013-12-06 * "Corner Deli" | "Buying groceries"
  Liabilities:US:Chase:Slate                        -71.63 USD
  Expenses:Food:Groceries                            71.63 USD

2013-12-07 * "China Garden" | "Eating out with Joe"
  Liabilities:US:Chase:Slate                        -37.80 USD
  Expenses:Food:Restaurant                           37.80 USD

2013-12-09 * "Metro Transport Authority" | "Tram tickets"
  Liabilities:US:Chase:Slate                       -120.00 USD
  Expenses:Transport:Tram                           120.00 USD

2013-12-09 * "Chase:Slate" | "Paying off credit card"
  Liabilities:US:Chase:Slate                        868.52 USD
  Assets:US:BofA:Checking                          -868.52 USD

2013-12-11 * "Uncle Boons" | "Eating out after work"
  Liabilities:US:Chase:Slate                        -27.37 USD
  Expenses:Food:Restaurant                           27.37 USD

2013-12-13 * "Jewel of Morroco" | "Eating out "
  Liabilities:US:Chase:Slate                        -49.49 USD
  Expenses:Food:Restaurant                           49.49 USD

2013-12-16 * "Rose Flower" | "Eating out with Bill"
  Liabilities:US:Chase:Slate                        -40.65 USD
  Expenses:Food:Restaurant                           40.65 USD

2013-12-21 balance Liabilities:US:Chase:Slate      -117.51 USD

2013-12-21 * "Goba Goba" | "Eating out with Joe"
  Liabilities:US:Chase:Slate                        -17.07 USD
  Expenses:Food:Restaurant                           17.07 USD

2013-12-22 * "Rose Flower" | "Eating out with Natasha"
  Liabilities:US:Chase:Slate                        -47.53 USD
  Expenses:Food:Restaurant                           47.53 USD

2013-12-23 * "Good Moods Market" | "Buying groceries"
  Liabilities:US:Chase:Slate                        -82.16 USD
  Expenses:Food:Groceries                            82.16 USD

2013-12-27 * "Rose Flower" | "Eating out alone"
  Liabilities:US:Chase:Slate                        -42.56 USD
  Expenses:Food:Restaurant                           42.56 USD

2013-12-31 * "Goba Goba" | "Eating out after work"
  Liabilities:US:Chase:Slate                        -34.89 USD
  Expenses:Food:Restaurant                           34.89 USD

2014-01-05 * "Jewel of Morroco" | "Eating out after work"
  Liabilities:US:Chase:Slate                        -21.60 USD
  Expenses:Food:Restaurant                           21.60 USD

2014-01-05 * "Metro Transport Authority" | "Tram tickets"
  Liabilities:US:Chase:Slate                       -120.00 USD
  Expenses:Transport:Tram                           120.00 USD

2014-01-06 * "Jewel of Morroco" | "Eating out with Julie"
  Liabilities:US:Chase:Slate                        -27.57 USD
  Expenses:Food:Restaurant                           27.57 USD

2014-01-09 * "Corner Deli" | "Buying groceries"
  Liabilities:US:Chase:Slate                        -86.26 USD
  Expenses:Food:Groceries                            86.26 USD

2014-01-09 * "Chase:Slate" | "Paying off credit card"
  Liabilities:US:Chase:Slate                        597.15 USD
  Assets:US:BofA:Checking                          -597.15 USD

2014-01-10 * "Cafe Modagor" | "Eating out with work buddies"
  Liabilities:US:Chase:Slate                        -21.17 USD
  Expenses:Food:Restaurant                           21.17 USD

2014-01-13 * "Chichipotle" | "Eating out with Julie"
  Liabilities:US:Chase:Slate                        -45.95 USD
  Expenses:Food:Restaurant                           45.95 USD

2014-01-15 * "Corner Deli" | "Buying groceries"
  Liabilities:US:Chase:Slate                        -92.97 USD
  Expenses:Food:Groceries                            92.97 USD

2014-01-16 * "Cafe Modagor" | "Eating out with Joe"
  Liabilities:US:Chase:Slate                        -18.73 USD
  Expenses:Food:Restaurant                           18.73 USD

2014-01-18 balance Liabilities:US:Chase:Slate      -178.82 USD

2014-01-18 * "Jewel of Morroco" | "Eating out with Natasha"
  Liabilities:US:Chase:Slate                        -19.65 USD
  Expenses:Food:Restaurant                           19.65 USD

2014-01-22 * "Chichipotle" | "Eating out alone"
  Liabilities:US:Chase:Slate                        -32.71 USD
  Expenses:Food:Restaurant                           32.71 USD

2014-01-24 * "China Garden" | "Eating out with Bill"
  Liabilities:US:Chase:Slate                        -22.16 USD
  Expenses:Food:Restaurant                           22.16 USD

2014-01-27 * "Kin Soy" | "Eating out with work buddies"
  Liabilities:US:Chase:Slate                        -49.50 USD
  Expenses:Food:Restaurant                           49.50 USD

2014-01-29 * "Rose Flower" | "Eating out with work buddies"
  Liabilities:US:Chase:Slate                        -37.76 USD
  Expenses:Food:Restaurant                           37.76 USD

2014-02-02 * "Onion Market" | "Buying groceries"
  Liabilities:US:Chase:Slate                        -90.72 USD
  Expenses:Food:Groceries                            90.72 USD

2014-02-03 * "Jewel of Morroco" | "Eating out with Julie"
  Liabilities:US:Chase:Slate                        -25.81 USD
  Expenses:Food:Restaurant                           25.81 USD

2014-02-05 * "Metro Transport Authority" | "Tram tickets"
  Liabilities:US:Chase:Slate                       -120.00 USD
  Expenses:Transport:Tram                           120.00 USD

2014-02-06 * "Jewel of Morroco" | "Eating out "
  Liabilities:US:Chase:Slate                        -27.07 USD
  Expenses:Food:Restaurant                           27.07 USD

2014-02-07 * "Jewel of Morroco" | "Eating out with Bill"
  Liabilities:US:Chase:Slate                        -42.02 USD
  Expenses:Food:Restaurant                           42.02 USD

2014-02-08 * "Chase:Slate" | "Paying off credit card"
  Liabilities:US:Chase:Slate                        668.69 USD
  Assets:US:BofA:Checking                          -668.69 USD

2014-02-09 * "Goba Goba" | "Eating out "
  Liabilities:US:Chase:Slate                        -22.47 USD
  Expenses:Food:Restaurant                           22.47 USD

2014-02-11 balance Liabilities:US:Chase:Slate            0 USD

2014-02-12 event "location" "New York"

2014-02-13 * "Cafe Select" | "" #trip-new-york-2014
  Liabilities:US:Chase:Slate                        -38.44 USD
  Expenses:Food:Restaurant                           38.44 USD

2014-02-13 * "Takahachi" | "" #trip-new-york-2014
  Liabilities:US:Chase:Slate                        -50.54 USD
  Expenses:Food:Restaurant                           50.54 USD

2014-02-13 * "Laut" | "" #trip-new-york-2014
  Liabilities:US:Chase:Slate                        -36.68 USD
  Expenses:Food:Restaurant                           36.68 USD

2014-02-15 * "Laut" | "" #trip-new-york-2014
  Liabilities:US:Chase:Slate                        -35.14 USD
  Expenses:Food:Restaurant                           35.14 USD

2014-02-16 * "Takahachi" | "" #trip-new-york-2014
  Liabilities:US:Chase:Slate                        -54.91 USD
  Expenses:Food:Restaurant                           54.91 USD

2014-02-16 * "Laut" | "" #trip-new-york-2014
  Liabilities:US:Chase:Slate                        -30.46 USD
  Expenses:Food:Restaurant                           30.46 USD

2014-02-16 * "Gimme! Coffee" | "" #trip-new-york-2014
  Liabilities:US:Chase:Slate                         -8.52 USD
  Expenses:Food:Coffee                                8.52 USD

2014-02-17 * "Gimme! Coffee" | "" #trip-new-york-2014
  Liabilities:US:Chase:Slate                         -7.57 USD
  Expenses:Food:Coffee                                7.57 USD

2014-02-18 * "Takahachi" | "" #trip-new-york-2014
  Liabilities:US:Chase:Slate                        -47.65 USD
  Expenses:Food:Restaurant                           47.65 USD

2014-02-18 * "Gimme! Coffee" | "" #trip-new-york-2014
  Liabilities:US:Chase:Slate                         -9.05 USD
  Expenses:Food:Coffee                                9.05 USD

2014-02-19 * "Cafe Select" | "" #trip-new-york-2014
  Liabilities:US:Chase:Slate                        -33.48 USD
  Expenses:Food:Restaurant                           33.48 USD

2014-02-19 * "Laut" | "" #trip-new-york-2014
  Liabilities:US:Chase:Slate                        -37.99 USD
  Expenses:Food:Restaurant                           37.99 USD

2014-02-19 * "La Colombe" | "" #trip-new-york-2014
  Liabilities:US:Chase:Slate                         -7.32 USD
  Expenses:Food:Coffee                                7.32 USD

2014-02-19 * "Gimme! Coffee" | "" #trip-new-york-2014
  Liabilities:US:Chase:Slate                         -5.10 USD
  Expenses:Food:Coffee                                5.10 USD

2014-02-20 * "Takahachi" | "" #trip-new-york-2014
  Liabilities:US:Chase:Slate                        -49.85 USD
  Expenses:Food:Restaurant                           49.85 USD

2014-02-20 * "La Colombe" | "" #trip-new-york-2014
  Liabilities:US:Chase:Slate                         -4.82 USD
  Expenses:Food:Coffee                                4.82 USD

2014-02-21 * "Uncle Boons" | "" #trip-new-york-2014
  Liabilities:US:Chase:Slate                        -44.96 USD
  Expenses:Food:Restaurant                           44.96 USD

2014-02-22 * "Takahachi" | "" #trip-new-york-2014
  Liabilities:US:Chase:Slate                        -38.36 USD
  Expenses:Food:Restaurant                           38.36 USD

2014-02-23 * "Laut" | "" #trip-new-york-2014
  Liabilities:US:Chase:Slate                        -38.14 USD
  Expenses:Food:Restaurant                           38.14 USD

2014-02-23 * "La Colombe" | "" #trip-new-york-2014
  Liabilities:US:Chase:Slate                         -7.43 USD
  Expenses:Food:Coffee                                7.43 USD

2014-02-25 * "Takahachi" | "" #trip-new-york-2014
  Liabilities:US:Chase:Slate                        -46.88 USD
  Expenses:Food:Restaurant                           46.88 USD

2014-02-25 * "Laut" | "" #trip-new-york-2014
  Liabilities:US:Chase:Slate                        -29.52 USD
  Expenses:Food:Restaurant                           29.52 USD

2014-02-26 * "Laut" | "" #trip-new-york-2014
  Liabilities:US:Chase:Slate                        -34.08 USD
  Expenses:Food:Restaurant                           34.08 USD

2014-02-27 * "La Colombe" | "" #trip-new-york-2014
  Liabilities:US:Chase:Slate                         -2.62 USD
  Expenses:Food:Coffee                                2.62 USD

2014-02-27 * "Gimme! Coffee" | "" #trip-new-york-2014
  Liabilities:US:Chase:Slate                         -8.55 USD
  Expenses:Food:Coffee                                8.55 USD

2014-02-28 * "Takahachi" | "" #trip-new-york-2014
  Liabilities:US:Chase:Slate                        -43.63 USD
  Expenses:Food:Restaurant                           43.63 USD

2014-03-01 * "Uncle Boons" | "" #trip-new-york-2014
  Liabilities:US:Chase:Slate                        -44.03 USD
  Expenses:Food:Restaurant                           44.03 USD

2014-03-01 * "Cafe Select" | "" #trip-new-york-2014
  Liabilities:US:Chase:Slate                        -31.11 USD
  Expenses:Food:Restaurant                           31.11 USD

2014-03-01 * "La Colombe" | "" #trip-new-york-2014
  Liabilities:US:Chase:Slate                         -7.13 USD
  Expenses:Food:Coffee                                7.13 USD

2014-03-03 balance Liabilities:US:Chase:Slate      -833.96 USD

2014-03-03 * "China Garden" | "Eating out with Natasha"
  Liabilities:US:Chase:Slate                        -19.72 USD
  Expenses:Food:Restaurant                           19.72 USD

2014-03-03 * "Gimme! Coffee" | "" #trip-new-york-2014
  Liabilities:US:Chase:Slate                         -4.18 USD
  Expenses:Food:Coffee                                4.18 USD

2014-03-03 * "Consume vacation days"
  Assets:US:Hoogle:Vacation                           -152 VACHR
  Expenses:Vacation                                    152 VACHR

2014-03-03 event "location" "New Metropolis"

2014-03-07 * "Kin Soy" | "Eating out with Bill"
  Liabilities:US:Chase:Slate                        -22.22 USD
  Expenses:Food:Restaurant                           22.22 USD

2014-03-07 * "Good Moods Market" | "Buying groceries"
  Liabilities:US:Chase:Slate                        -39.85 USD
  Expenses:Food:Groceries                            39.85 USD

2014-03-09 * "Metro Transport Authority" | "Tram tickets"
  Liabilities:US:Chase:Slate                       -120.00 USD
  Expenses:Transport:Tram                           120.00 USD

2014-03-09 * "Chase:Slate" | "Paying off credit card"
  Liabilities:US:Chase:Slate                        201.79 USD
  Assets:US:BofA:Checking                          -201.79 USD

2014-03-12 * "Goba Goba" | "Eating out with Joe"
  Liabilities:US:Chase:Slate                        -42.19 USD
  Expenses:Food:Restaurant                           42.19 USD

2014-03-13 * "Farmer Fresh" | "Buying groceries"
  Liabilities:US:Chase:Slate                       -103.81 USD
  Expenses:Food:Groceries                           103.81 USD

2014-03-14 * "Kin Soy" | "Eating out "
  Liabilities:US:Chase:Slate                        -51.76 USD
  Expenses:Food:Restaurant                           51.76 USD

2014-03-18 * "Goba Goba" | "Eating out "
  Liabilities:US:Chase:Slate                        -20.16 USD
  Expenses:Food:Restaurant                           20.16 USD

2014-03-23 * "Jewel of Morroco" | "Eating out after work"
  Liabilities:US:Chase:Slate                        -18.25 USD
  Expenses:Food:Restaurant                           18.25 USD

2014-03-25 * "Cafe Modagor" | "Eating out with work buddies"
  Liabilities:US:Chase:Slate                        -30.26 USD
  Expenses:Food:Restaurant                           30.26 USD

2014-03-28 balance Liabilities:US:Chase:Slate     -1104.57 USD

2014-03-30 * "Uncle Boons" | "Eating out with Bill"
  Liabilities:US:Chase:Slate                        -29.43 USD
  Expenses:Food:Restaurant                           29.43 USD

2014-04-01 * "Goba Goba" | "Eating out "
  Liabilities:US:Chase:Slate                        -31.04 USD
  Expenses:Food:Restaurant                           31.04 USD

2014-04-01 * "Onion Market" | "Buying groceries"
  Liabilities:US:Chase:Slate                       -110.10 USD
  Expenses:Food:Groceries                           110.10 USD

2014-04-02 * "Jewel of Morroco" | "Eating out with Natasha"
  Liabilities:US:Chase:Slate                        -55.56 USD
  Expenses:Food:Restaurant                           55.56 USD

2014-04-05 * "Goba Goba" | "Eating out after work"
  Liabilities:US:Chase:Slate                        -28.07 USD
  Expenses:Food:Restaurant                           28.07 USD

2014-04-06 * "Kin Soy" | "Eating out with Joe"
  Liabilities:US:Chase:Slate                        -38.92 USD
  Expenses:Food:Restaurant                           38.92 USD

2014-04-07 * "Chichipotle" | "Eating out with Natasha"
  Liabilities:US:Chase:Slate                        -53.05 USD
  Expenses:Food:Restaurant                           53.05 USD

2014-04-08 * "Chase:Slate" | "Paying off credit card"
  Liabilities:US:Chase:Slate                        732.60 USD
  Assets:US:BofA:Checking                          -732.60 USD

2014-04-09 * "Metro Transport Authority" | "Tram tickets"
  Liabilities:US:Chase:Slate                       -120.00 USD
  Expenses:Transport:Tram                           120.00 USD

2014-04-11 * "Cafe Modagor" | "Eating out with Joe"
  Liabilities:US:Chase:Slate                        -41.75 USD
  Expenses:Food:Restaurant                           41.75 USD

2014-04-13 * "China Garden" | "Eating out after work"
  Liabilities:US:Chase:Slate                        -25.33 USD
  Expenses:Food:Restaurant                           25.33 USD

2014-04-14 * "China Garden" | "Eating out alone"
  Liabilities:US:Chase:Slate                        -15.06 USD
  Expenses:Food:Restaurant                           15.06 USD

2014-04-16 * "Uncle Boons" | "Eating out alone"
  Liabilities:US:Chase:Slate                        -41.52 USD
  Expenses:Food:Restaurant                           41.52 USD

2014-04-19 * "Farmer Fresh" | "Buying groceries"
  Liabilities:US:Chase:Slate                        -71.10 USD
  Expenses:Food:Groceries                            71.10 USD

2014-04-21 * "Kin Soy" | "Eating out after work"
  Liabilities:US:Chase:Slate                        -26.15 USD
  Expenses:Food:Restaurant                           26.15 USD

2014-04-24 * "Uncle Boons" | "Eating out with Natasha"
  Liabilities:US:Chase:Slate                        -27.86 USD
  Expenses:Food:Restaurant                           27.86 USD

2014-04-24 * "Farmer Fresh" | "Buying groceries"
  Liabilities:US:Chase:Slate                        -88.59 USD
  Expenses:Food:Groceries                            88.59 USD

2014-04-27 balance Liabilities:US:Chase:Slate     -1175.50 USD

2014-04-28 * "Jewel of Morroco" | "Eating out "
  Liabilities:US:Chase:Slate                        -25.92 USD
  Expenses:Food:Restaurant                           25.92 USD

2014-05-03 * "Kin Soy" | "Eating out alone"
  Liabilities:US:Chase:Slate                        -19.83 USD
  Expenses:Food:Restaurant                           19.83 USD

2014-05-04 * "Good Moods Market" | "Buying groceries"
  Liabilities:US:Chase:Slate                        -60.90 USD
  Expenses:Food:Groceries                            60.90 USD

2014-05-07 * "Metro Transport Authority" | "Tram tickets"
  Liabilities:US:Chase:Slate                       -120.00 USD
  Expenses:Transport:Tram                           120.00 USD

2014-05-08 * "Rose Flower" | "Eating out with Natasha"
  Liabilities:US:Chase:Slate                        -25.28 USD
  Expenses:Food:Restaurant                           25.28 USD

2014-05-08 * "Chase:Slate" | "Paying off credit card"
  Liabilities:US:Chase:Slate                        589.29 USD
  Assets:US:BofA:Checking                          -589.29 USD

2014-05-12 * "Jewel of Morroco" | "Eating out with Joe"
  Liabilities:US:Chase:Slate                         -9.34 USD
  Expenses:Food:Restaurant                            9.34 USD

2014-05-17 balance Liabilities:US:Chase:Slate      -847.48 USD

2014-05-17 * "Kin Soy" | "Eating out after work"
  Liabilities:US:Chase:Slate                        -41.23 USD
  Expenses:Food:Restaurant                           41.23 USD

2014-05-17 * "Farmer Fresh" | "Buying groceries"
  Liabilities:US:Chase:Slate                        -64.62 USD
  Expenses:Food:Groceries                            64.62 USD

2014-05-19 * "Rose Flower" | "Eating out alone"
  Liabilities:US:Chase:Slate                        -26.52 USD
  Expenses:Food:Restaurant                           26.52 USD

2014-05-24 * "Cafe Modagor" | "Eating out "
  Liabilities:US:Chase:Slate                        -91.85 USD
  Expenses:Food:Restaurant                           91.85 USD

2014-05-26 * "Jewel of Morroco" | "Eating out with Natasha"
  Liabilities:US:Chase:Slate                        -49.67 USD
  Expenses:Food:Restaurant                           49.67 USD

2014-05-30 * "Farmer Fresh" | "Buying groceries"
  Liabilities:US:Chase:Slate                        -82.22 USD
  Expenses:Food:Groceries                            82.22 USD

2014-05-31 * "Jewel of Morroco" | "Eating out "
  Liabilities:US:Chase:Slate                        -22.37 USD
  Expenses:Food:Restaurant                           22.37 USD

2014-06-01 * "Uncle Boons" | "Eating out with Joe"
  Liabilities:US:Chase:Slate                        -27.91 USD
  Expenses:Food:Restaurant                           27.91 USD

2014-06-05 * "Metro Transport Authority" | "Tram tickets"
  Liabilities:US:Chase:Slate                       -120.00 USD
  Expenses:Transport:Tram                           120.00 USD

2014-06-06 balance Liabilities:US:Chase:Slate     -1373.87 USD

2014-06-06 * "Chichipotle" | "Eating out with Bill"
  Liabilities:US:Chase:Slate                        -25.36 USD
  Expenses:Food:Restaurant                           25.36 USD

2014-06-08 * "Chase:Slate" | "Paying off credit card"
  Liabilities:US:Chase:Slate                        591.57 USD
  Assets:US:BofA:Checking                          -591.57 USD

2014-06-11 * "Cafe Modagor" | "Eating out with work buddies"
  Liabilities:US:Chase:Slate                        -30.48 USD
  Expenses:Food:Restaurant                           30.48 USD

2014-06-12 * "Jewel of Morroco" | "Eating out with Julie"
  Liabilities:US:Chase:Slate                        -42.69 USD
  Expenses:Food:Restaurant                           42.69 USD

2014-06-17 * "Cafe Modagor" | "Eating out with Natasha"
  Liabilities:US:Chase:Slate                        -48.80 USD
  Expenses:Food:Restaurant                           48.80 USD

2014-06-19 * "Corner Deli" | "Buying groceries"
  Liabilities:US:Chase:Slate                        -78.29 USD
  Expenses:Food:Groceries                            78.29 USD

2014-06-21 * "Goba Goba" | "Eating out alone"
  Liabilities:US:Chase:Slate                        -28.87 USD
  Expenses:Food:Restaurant                           28.87 USD

2014-06-24 * "Kin Soy" | "Eating out "
  Liabilities:US:Chase:Slate                        -24.65 USD
  Expenses:Food:Restaurant                           24.65 USD

2014-06-26 balance Liabilities:US:Chase:Slate     -1061.44 USD

2014-06-26 * "Rose Flower" | "Eating out "
  Liabilities:US:Chase:Slate                        -18.92 USD
  Expenses:Food:Restaurant                           18.92 USD

2014-06-27 * "Kin Soy" | "Eating out alone"
  Liabilities:US:Chase:Slate                        -72.40 USD
  Expenses:Food:Restaurant                           72.40 USD

2014-06-29 * "Chichipotle" | "Eating out with work buddies"
  Liabilities:US:Chase:Slate                        -21.63 USD
  Expenses:Food:Restaurant                           21.63 USD

2014-07-02 * "Cafe Modagor" | "Eating out with Julie"
  Liabilities:US:Chase:Slate                        -39.15 USD
  Expenses:Food:Restaurant                           39.15 USD

2014-07-02 * "Onion Market" | "Buying groceries"
  Liabilities:US:Chase:Slate                        -93.86 USD
  Expenses:Food:Groceries                            93.86 USD

2014-07-03 * "Metro Transport Authority" | "Tram tickets"
  Liabilities:US:Chase:Slate                       -120.00 USD
  Expenses:Transport:Tram                           120.00 USD

2014-07-05 * "Goba Goba" | "Eating out "
  Liabilities:US:Chase:Slate                        -25.46 USD
  Expenses:Food:Restaurant                           25.46 USD

2014-07-08 * "Chase:Slate" | "Paying off credit card"
  Liabilities:US:Chase:Slate                        651.73 USD
  Assets:US:BofA:Checking                          -651.73 USD

2014-07-09 * "Goba Goba" | "Eating out alone"
  Liabilities:US:Chase:Slate                        -37.01 USD
  Expenses:Food:Restaurant                           37.01 USD

2014-07-10 * "Kin Soy" | "Eating out after work"
  Liabilities:US:Chase:Slate                        -82.18 USD
  Expenses:Food:Restaurant                           82.18 USD

2014-07-12 * "Jewel of Morroco" | "Eating out with Bill"
  Liabilities:US:Chase:Slate                        -30.89 USD
  Expenses:Food:Restaurant                           30.89 USD

2014-07-17 * "Chichipotle" | "Eating out with Joe"
  Liabilities:US:Chase:Slate                        -29.60 USD
  Expenses:Food:Restaurant                           29.60 USD

2014-07-19 balance Liabilities:US:Chase:Slate      -980.81 USD

2014-07-19 * "Kin Soy" | "Eating out with Joe"
  Liabilities:US:Chase:Slate                        -29.36 USD
  Expenses:Food:Restaurant                           29.36 USD

2014-07-20 * "Kin Soy" | "Eating out with Natasha"
  Liabilities:US:Chase:Slate                        -20.07 USD
  Expenses:Food:Restaurant                           20.07 USD

2014-07-22 * "Good Moods Market" | "Buying groceries"
  Liabilities:US:Chase:Slate                       -119.92 USD
  Expenses:Food:Groceries                           119.92 USD

2014-07-25 * "China Garden" | "Eating out "
  Liabilities:US:Chase:Slate                        -25.92 USD
  Expenses:Food:Restaurant                           25.92 USD

2014-07-27 * "Chichipotle" | "Eating out alone"
  Liabilities:US:Chase:Slate                        -17.67 USD
  Expenses:Food:Restaurant                           17.67 USD

2014-07-31 * "Cafe Modagor" | "Eating out with Bill"
  Liabilities:US:Chase:Slate                        -49.43 USD
  Expenses:Food:Restaurant                           49.43 USD

2014-08-02 * "Chichipotle" | "Eating out with Julie"
  Liabilities:US:Chase:Slate                        -61.13 USD
  Expenses:Food:Restaurant                           61.13 USD

2014-08-03 * "Metro Transport Authority" | "Tram tickets"
  Liabilities:US:Chase:Slate                       -120.00 USD
  Expenses:Transport:Tram                           120.00 USD

2014-08-05 * "Kin Soy" | "Eating out with Joe"
  Liabilities:US:Chase:Slate                        -48.07 USD
  Expenses:Food:Restaurant                           48.07 USD

2014-08-07 * "Jewel of Morroco" | "Eating out with Natasha"
  Liabilities:US:Chase:Slate                        -37.73 USD
  Expenses:Food:Restaurant                           37.73 USD

2014-08-08 * "Kin Soy" | "Eating out alone"
  Liabilities:US:Chase:Slate                        -39.32 USD
  Expenses:Food:Restaurant                           39.32 USD

2014-08-09 * "Onion Market" | "Buying groceries"
  Liabilities:US:Chase:Slate                        -59.38 USD
  Expenses:Food:Groceries                            59.38 USD

2014-08-10 * "Chase:Slate" | "Paying off credit card"
  Liabilities:US:Chase:Slate                        809.58 USD
  Assets:US:BofA:Checking                          -809.58 USD

2014-08-13 balance Liabilities:US:Chase:Slate      -799.23 USD

2014-08-13 * "Kin Soy" | "Eating out with Joe"
  Liabilities:US:Chase:Slate                        -38.91 USD
  Expenses:Food:Restaurant                           38.91 USD

2014-08-14 * "Onion Market" | "Buying groceries"
  Liabilities:US:Chase:Slate                        -76.70 USD
  Expenses:Food:Groceries                            76.70 USD

2014-08-18 * "Chichipotle" | "Eating out with work buddies"
  Liabilities:US:Chase:Slate                        -50.41 USD
  Expenses:Food:Restaurant                           50.41 USD

2014-08-19 * "Jewel of Morroco" | "Eating out alone"
  Liabilities:US:Chase:Slate                        -32.83 USD
  Expenses:Food:Restaurant                           32.83 USD

2014-08-19 * "Corner Deli" | "Buying groceries"
  Liabilities:US:Chase:Slate                        -78.65 USD
  Expenses:Food:Groceries                            78.65 USD

2014-08-24 * "Uncle Boons" | "Eating out with Natasha"
  Liabilities:US:Chase:Slate                        -44.10 USD
  Expenses:Food:Restaurant                           44.10 USD

2014-08-25 * "Chichipotle" | "Eating out with Natasha"
  Liabilities:US:Chase:Slate                        -15.76 USD
  Expenses:Food:Restaurant                           15.76 USD

2014-08-30 * "Cafe Modagor" | "Eating out alone"
  Liabilities:US:Chase:Slate                        -29.38 USD
  Expenses:Food:Restaurant                           29.38 USD

2014-09-03 * "Metro Transport Authority" | "Tram tickets"
  Liabilities:US:Chase:Slate                       -120.00 USD
  Expenses:Transport:Tram                           120.00 USD

2014-09-04 * "Uncle Boons" | "Eating out with work buddies"
  Liabilities:US:Chase:Slate                        -18.85 USD
  Expenses:Food:Restaurant                           18.85 USD

2014-09-05 balance Liabilities:US:Chase:Slate     -1304.82 USD

2014-09-07 * "Chase:Slate" | "Paying off credit card"
  Liabilities:US:Chase:Slate                        487.24 USD
  Assets:US:BofA:Checking                          -487.24 USD

2014-09-08 * "Kin Soy" | "Eating out with Joe"
  Liabilities:US:Chase:Slate                        -20.56 USD
  Expenses:Food:Restaurant                           20.56 USD

2014-09-08 * "Farmer Fresh" | "Buying groceries"
  Liabilities:US:Chase:Slate                        -81.96 USD
  Expenses:Food:Groceries                            81.96 USD

2014-09-11 * "Rose Flower" | "Eating out with work buddies"
  Liabilities:US:Chase:Slate                        -30.33 USD
  Expenses:Food:Restaurant                           30.33 USD

2014-09-14 * "Uncle Boons" | "Eating out with Natasha"
  Liabilities:US:Chase:Slate                        -15.89 USD
  Expenses:Food:Restaurant                           15.89 USD

2014-09-18 * "Corner Deli" | "Buying groceries"
  Liabilities:US:Chase:Slate                       -140.33 USD
  Expenses:Food:Groceries                           140.33 USD

2014-09-19 * "Kin Soy" | "Eating out with Bill"
  Liabilities:US:Chase:Slate                        -40.70 USD
  Expenses:Food:Restaurant                           40.70 USD

2014-09-21 * "China Garden" | "Eating out with Bill"
  Liabilities:US:Chase:Slate                        -25.07 USD
  Expenses:Food:Restaurant                           25.07 USD

2014-09-24 * "Goba Goba" | "Eating out with work buddies"
  Liabilities:US:Chase:Slate                        -20.32 USD
  Expenses:Food:Restaurant                           20.32 USD

2014-09-26 balance Liabilities:US:Chase:Slate     -1192.74 USD

2014-09-29 * "China Garden" | "Eating out with work buddies"
  Liabilities:US:Chase:Slate                        -49.29 USD
  Expenses:Food:Restaurant                           49.29 USD

2014-09-29 * "Good Moods Market" | "Buying groceries"
  Liabilities:US:Chase:Slate                        -72.92 USD
  Expenses:Food:Groceries                            72.92 USD

2014-10-02 * "Kin Soy" | "Eating out after work"
  Liabilities:US:Chase:Slate                        -25.49 USD
  Expenses:Food:Restaurant                           25.49 USD

2014-10-05 * "Metro Transport Authority" | "Tram tickets"
  Liabilities:US:Chase:Slate                       -120.00 USD
  Expenses:Transport:Tram                           120.00 USD

2014-10-06 * "Cafe Modagor" | "Eating out with Natasha"
  Liabilities:US:Chase:Slate                        -16.88 USD
  Expenses:Food:Restaurant                           16.88 USD

2014-10-11 * "Uncle Boons" | "Eating out with Joe"
  Liabilities:US:Chase:Slate                        -22.25 USD
  Expenses:Food:Restaurant                           22.25 USD

2014-10-11 * "Chase:Slate" | "Paying off credit card"
  Liabilities:US:Chase:Slate                        661.43 USD
  Assets:US:BofA:Checking                          -661.43 USD

2014-10-12 * "Cafe Modagor" | "Eating out after work"
  Liabilities:US:Chase:Slate                        -57.20 USD
  Expenses:Food:Restaurant                           57.20 USD

2014-10-15 * "Goba Goba" | "Eating out with work buddies"
  Liabilities:US:Chase:Slate                        -15.16 USD
  Expenses:Food:Restaurant                           15.16 USD

2014-10-18 * "Good Moods Market" | "Buying groceries"
  Liabilities:US:Chase:Slate                        -79.33 USD
  Expenses:Food:Groceries                            79.33 USD

2014-10-19 balance Liabilities:US:Chase:Slate      -989.83 USD

2014-10-20 * "Kin Soy" | "Eating out with work buddies"
  Liabilities:US:Chase:Slate                        -18.10 USD
  Expenses:Food:Restaurant                           18.10 USD

2014-10-23 * "Cafe Modagor" | "Eating out alone"
  Liabilities:US:Chase:Slate                        -55.28 USD
  Expenses:Food:Restaurant                           55.28 USD

2014-10-26 * "Kin Soy" | "Eating out with Natasha"
  Liabilities:US:Chase:Slate                        -39.47 USD
  Expenses:Food:Restaurant                           39.47 USD

2014-10-29 * "Chichipotle" | "Eating out with Joe"
  Liabilities:US:Chase:Slate                        -21.32 USD
  Expenses:Food:Restaurant                           21.32 USD

2014-11-01 * "Chichipotle" | "Eating out with work buddies"
  Liabilities:US:Chase:Slate                        -30.61 USD
  Expenses:Food:Restaurant                           30.61 USD

2014-11-04 * "Goba Goba" | "Eating out after work"
  Liabilities:US:Chase:Slate                        -26.45 USD
  Expenses:Food:Restaurant                           26.45 USD

2014-11-06 * "Goba Goba" | "Eating out with Bill"
  Liabilities:US:Chase:Slate                        -23.98 USD
  Expenses:Food:Restaurant                           23.98 USD

2014-11-07 * "Good Moods Market" | "Buying groceries"
  Liabilities:US:Chase:Slate                        -78.92 USD
  Expenses:Food:Groceries                            78.92 USD

2014-11-07 * "Metro Transport Authority" | "Tram tickets"
  Liabilities:US:Chase:Slate                       -120.00 USD
  Expenses:Transport:Tram                           120.00 USD

2014-11-08 balance Liabilities:US:Chase:Slate     -1403.96 USD

2014-11-09 * "Chase:Slate" | "Paying off credit card"
  Liabilities:US:Chase:Slate                        601.35 USD
  Assets:US:BofA:Checking                          -601.35 USD

2014-11-11 * "Goba Goba" | "Eating out with Bill"
  Liabilities:US:Chase:Slate                        -35.53 USD
  Expenses:Food:Restaurant                           35.53 USD

2014-11-13 * "Chichipotle" | "Eating out with Julie"
  Liabilities:US:Chase:Slate                        -32.30 USD
  Expenses:Food:Restaurant                           32.30 USD

2014-11-13 * "Onion Market" | "Buying groceries"
  Liabilities:US:Chase:Slate                        -70.38 USD
  Expenses:Food:Groceries                            70.38 USD

2014-11-14 * "Kin Soy" | "Eating out alone"
  Liabilities:US:Chase:Slate                        -27.18 USD
  Expenses:Food:Restaurant                           27.18 USD

2014-11-19 * "Rose Flower" | "Eating out with Natasha"
  Liabilities:US:Chase:Slate                        -30.61 USD
  Expenses:Food:Restaurant                           30.61 USD

2014-11-20 * "Jewel of Morroco" | "Eating out after work"
  Liabilities:US:Chase:Slate                        -40.94 USD
  Expenses:Food:Restaurant                           40.94 USD

2014-11-21 event "location" "Boston"

2014-11-23 * "Legal Seafood" | "" #trip-boston-2014
  Liabilities:US:Chase:Slate                        -34.18 USD
  Expenses:Food:Restaurant                           34.18 USD

2014-11-24 * "Giacomo's Restaurant" | "" #trip-boston-2014
  Liabilities:US:Chase:Slate                        -47.21 USD
  Expenses:Food:Restaurant                           47.21 USD

2014-11-24 * "Starbucks" | "" #trip-boston-2014
  Liabilities:US:Chase:Slate                         -6.31 USD
  Expenses:Food:Coffee                                6.31 USD

2014-11-25 * "Franklin Cafe" | "" #trip-boston-2014
  Liabilities:US:Chase:Slate                        -30.50 USD
  Expenses:Food:Restaurant                           30.50 USD

2014-11-25 * "Starbucks" | "" #trip-boston-2014
  Liabilities:US:Chase:Slate                         -5.98 USD
  Expenses:Food:Coffee                                5.98 USD

2014-11-26 * "Starbucks" | "" #trip-boston-2014
  Liabilities:US:Chase:Slate                         -5.68 USD
  Expenses:Food:Coffee                                5.68 USD

2014-11-28 * "Starbucks" | "" #trip-boston-2014
  Liabilities:US:Chase:Slate                         -5.89 USD
  Expenses:Food:Coffee                                5.89 USD

2014-11-29 * "Starbucks" | "" #trip-boston-2014
  Liabilities:US:Chase:Slate                         -6.11 USD
  Expenses:Food:Coffee                                6.11 USD

2014-12-01 balance Liabilities:US:Chase:Slate     -1181.41 USD

2014-12-01 * "Giacomo's Restaurant" | "" #trip-boston-2014
  Liabilities:US:Chase:Slate                        -36.79 USD
  Expenses:Food:Restaurant                           36.79 USD

2014-12-01 * "Starbucks" | "" #trip-boston-2014
  Liabilities:US:Chase:Slate                         -6.18 USD
  Expenses:Food:Coffee                                6.18 USD

2014-12-02 * "Legal Seafood" | "" #trip-boston-2014
  Liabilities:US:Chase:Slate                        -32.73 USD
  Expenses:Food:Restaurant                           32.73 USD

2014-12-02 * "Consume vacation days"
  Assets:US:Hoogle:Vacation                            -88 VACHR
  Expenses:Vacation                                     88 VACHR

2014-12-02 event "location" "New Metropolis"

2014-12-03 * "Rose Flower" | "Eating out "
  Liabilities:US:Chase:Slate                        -30.12 USD
  Expenses:Food:Restaurant                           30.12 USD

2014-12-04 * "Metro Transport Authority" | "Tram tickets"
  Liabilities:US:Chase:Slate                       -120.00 USD
  Expenses:Transport:Tram                           120.00 USD

2014-12-05 * "Chichipotle" | "Eating out with Bill"
  Liabilities:US:Chase:Slate                        -33.63 USD
  Expenses:Food:Restaurant                           33.63 USD

2014-12-08 * "Chase:Slate" | "Paying off credit card"
  Liabilities:US:Chase:Slate                        422.14 USD
  Assets:US:BofA:Checking                          -422.14 USD

2014-12-09 * "Jewel of Morroco" | "Eating out alone"
  Liabilities:US:Chase:Slate                        -36.98 USD
  Expenses:Food:Restaurant                           36.98 USD

2014-12-12 * "Good Moods Market" | "Buying groceries"
  Liabilities:US:Chase:Slate                        -77.58 USD
  Expenses:Food:Groceries                            77.58 USD

2014-12-14 * "Kin Soy" | "Eating out with Julie"
  Liabilities:US:Chase:Slate                        -15.57 USD
  Expenses:Food:Restaurant                           15.57 USD

2014-12-18 * "Goba Goba" | "Eating out "
  Liabilities:US:Chase:Slate                        -19.98 USD
  Expenses:Food:Restaurant                           19.98 USD

2014-12-21 * "Rose Flower" | "Eating out with Julie"
  Liabilities:US:Chase:Slate                        -23.60 USD
  Expenses:Food:Restaurant                           23.60 USD

2014-12-24 * "Cafe Modagor" | "Eating out with work buddies"
  Liabilities:US:Chase:Slate                        -29.09 USD
  Expenses:Food:Restaurant                           29.09 USD

2014-12-25 * "Goba Goba" | "Eating out after work"
  Liabilities:US:Chase:Slate                        -40.05 USD
  Expenses:Food:Restaurant                           40.05 USD

2014-12-30 * "Kin Soy" | "Eating out alone"
  Liabilities:US:Chase:Slate                        -85.37 USD
  Expenses:Food:Restaurant                           85.37 USD

2014-12-31 balance Liabilities:US:Chase:Slate     -1346.94 USD

2014-12-31 * "Corner Deli" | "Buying groceries"
  Liabilities:US:Chase:Slate                        -85.38 USD
  Expenses:Food:Groceries                            85.38 USD

2015-01-02 * "Metro Transport Authority" | "Tram tickets"
  Liabilities:US:Chase:Slate                       -120.00 USD
  Expenses:Transport:Tram                           120.00 USD

2015-01-03 * "Rose Flower" | "Eating out with Bill"
  Liabilities:US:Chase:Slate                        -18.11 USD
  Expenses:Food:Restaurant                           18.11 USD

2015-01-04 * "Jewel of Morroco" | "Eating out with Julie"
  Liabilities:US:Chase:Slate                        -32.82 USD
  Expenses:Food:Restaurant                           32.82 USD

2015-01-07 * "Jewel of Morroco" | "Eating out with Julie"
  Liabilities:US:Chase:Slate                        -22.96 USD
  Expenses:Food:Restaurant                           22.96 USD

2015-01-08 * "Uncle Boons" | "Eating out after work"
  Liabilities:US:Chase:Slate                        -54.79 USD
  Expenses:Food:Restaurant                           54.79 USD

2015-01-09 * "Chase:Slate" | "Paying off credit card"
  Liabilities:US:Chase:Slate                        673.76 USD
  Assets:US:BofA:Checking                          -673.76 USD

2015-01-13 * "Chichipotle" | "Eating out "
  Liabilities:US:Chase:Slate                        -48.46 USD
  Expenses:Food:Restaurant                           48.46 USD

2015-01-16 * "Corner Deli" | "Buying groceries"
  Liabilities:US:Chase:Slate                        -89.75 USD
  Expenses:Food:Groceries                            89.75 USD

2015-01-18 * "Cafe Modagor" | "Eating out "
  Liabilities:US:Chase:Slate                        -44.45 USD
  Expenses:Food:Restaurant                           44.45 USD

2015-01-20 * "Jewel of Morroco" | "Eating out "
  Liabilities:US:Chase:Slate                        -52.93 USD
  Expenses:Food:Restaurant                           52.93 USD

2015-01-24 * "Goba Goba" | "Eating out with Natasha"
  Liabilities:US:Chase:Slate                        -40.61 USD
  Expenses:Food:Restaurant                           40.61 USD

2015-01-26 * "Farmer Fresh" | "Buying groceries"
  Liabilities:US:Chase:Slate                       -114.11 USD
  Expenses:Food:Groceries                           114.11 USD

2015-01-29 balance Liabilities:US:Chase:Slate     -1397.55 USD

2015-01-29 * "Jewel of Morroco" | "Eating out with work buddies"
  Liabilities:US:Chase:Slate                        -41.79 USD
  Expenses:Food:Restaurant                           41.79 USD

2015-02-01 * "Cafe Modagor" | "Eating out with Joe"
  Liabilities:US:Chase:Slate                        -51.68 USD
  Expenses:Food:Restaurant                           51.68 USD

2015-02-01 * "Metro Transport Authority" | "Tram tickets"
  Liabilities:US:Chase:Slate                       -120.00 USD
  Expenses:Transport:Tram                           120.00 USD

2015-02-02 * "Rose Flower" | "Eating out after work"
  Liabilities:US:Chase:Slate                        -22.32 USD
  Expenses:Food:Restaurant                           22.32 USD

2015-02-04 * "Kin Soy" | "Eating out with Joe"
  Liabilities:US:Chase:Slate                        -18.66 USD
  Expenses:Food:Restaurant                           18.66 USD

2015-02-06 * "Rose Flower" | "Eating out alone"
  Liabilities:US:Chase:Slate                        -14.06 USD
  Expenses:Food:Restaurant                           14.06 USD

2015-02-08 * "Jewel of Morroco" | "Eating out with Joe"
  Liabilities:US:Chase:Slate                        -34.55 USD
  Expenses:Food:Restaurant                           34.55 USD

2015-02-10 * "Chase:Slate" | "Paying off credit card"
  Liabilities:US:Chase:Slate                        685.73 USD
  Assets:US:BofA:Checking                          -685.73 USD

2015-02-12 * "Kin Soy" | "Eating out with Bill"
  Liabilities:US:Chase:Slate                        -40.82 USD
  Expenses:Food:Restaurant                           40.82 USD

2015-02-12 * "Farmer Fresh" | "Buying groceries"
  Liabilities:US:Chase:Slate                        -85.44 USD
  Expenses:Food:Groceries                            85.44 USD

2015-02-13 * "Kin Soy" | "Eating out alone"
  Liabilities:US:Chase:Slate                        -32.33 USD
  Expenses:Food:Restaurant                           32.33 USD

2015-02-14 * "Uncle Boons" | "Eating out with Bill"
  Liabilities:US:Chase:Slate                        -32.29 USD
  Expenses:Food:Restaurant                           32.29 USD

2015-02-16 * "China Garden" | "Eating out with Joe"
  Liabilities:US:Chase:Slate                        -47.98 USD
  Expenses:Food:Restaurant                           47.98 USD

2015-02-19 * "Cafe Modagor" | "Eating out after work"
  Liabilities:US:Chase:Slate                        -42.60 USD
  Expenses:Food:Restaurant                           42.60 USD

2015-02-21 * "Chichipotle" | "Eating out with Natasha"
  Liabilities:US:Chase:Slate                        -23.22 USD
  Expenses:Food:Restaurant                           23.22 USD

2015-02-22 * "Chichipotle" | "Eating out alone"
  Liabilities:US:Chase:Slate                        -24.36 USD
  Expenses:Food:Restaurant                           24.36 USD

2015-02-27 balance Liabilities:US:Chase:Slate     -1343.92 USD

2015-02-27 * "Jewel of Morroco" | "Eating out after work"
  Liabilities:US:Chase:Slate                        -20.53 USD
  Expenses:Food:Restaurant                           20.53 USD

2015-03-01 * "Jewel of Morroco" | "Eating out with Natasha"
  Liabilities:US:Chase:Slate                        -40.82 USD
  Expenses:Food:Restaurant                           40.82 USD

2015-03-01 * "Metro Transport Authority" | "Tram tickets"
  Liabilities:US:Chase:Slate                       -120.00 USD
  Expenses:Transport:Tram                           120.00 USD

2015-03-02 * "Chichipotle" | "Eating out alone"
  Liabilities:US:Chase:Slate                        -31.19 USD
  Expenses:Food:Restaurant                           31.19 USD

2015-03-02 * "Farmer Fresh" | "Buying groceries"
  Liabilities:US:Chase:Slate                       -156.94 USD
  Expenses:Food:Groceries                           156.94 USD

2015-03-07 * "Chichipotle" | "Eating out after work"
  Liabilities:US:Chase:Slate                        -70.57 USD
  Expenses:Food:Restaurant                           70.57 USD

2015-03-07 * "Chase:Slate" | "Paying off credit card"
  Liabilities:US:Chase:Slate                        728.27 USD
  Assets:US:BofA:Checking                          -728.27 USD

2015-03-09 * "Cafe Modagor" | "Eating out "
  Liabilities:US:Chase:Slate                        -23.96 USD
  Expenses:Food:Restaurant                           23.96 USD

2015-03-10 * "Rose Flower" | "Eating out with Natasha"
  Liabilities:US:Chase:Slate                        -20.24 USD
  Expenses:Food:Restaurant                           20.24 USD

2015-03-11 * "Goba Goba" | "Eating out after work"
  Liabilities:US:Chase:Slate                        -31.56 USD
  Expenses:Food:Restaurant                           31.56 USD

2015-03-13 * "Corner Deli" | "Buying groceries"
  Liabilities:US:Chase:Slate                       -109.84 USD
  Expenses:Food:Groceries                           109.84 USD

2015-03-14 * "Rose Flower" | "Eating out with Julie"
  Liabilities:US:Chase:Slate                        -28.83 USD
  Expenses:Food:Restaurant                           28.83 USD

2015-03-18 * "Rose Flower" | "Eating out "
  Liabilities:US:Chase:Slate                        -69.15 USD
  Expenses:Food:Restaurant                           69.15 USD

2015-03-20 * "Corner Deli" | "Buying groceries"
  Liabilities:US:Chase:Slate                       -103.78 USD
  Expenses:Food:Groceries                           103.78 USD

2015-03-21 balance Liabilities:US:Chase:Slate     -1443.06 USD

2015-03-23 * "Chichipotle" | "Eating out with Julie"
  Liabilities:US:Chase:Slate                        -64.18 USD
  Expenses:Food:Restaurant                           64.18 USD

2015-03-24 * "China Garden" | "Eating out alone"
  Liabilities:US:Chase:Slate                        -19.97 USD
  Expenses:Food:Restaurant                           19.97 USD

2015-03-28 * "Metro Transport Authority" | "Tram tickets"
  Liabilities:US:Chase:Slate                       -120.00 USD
  Expenses:Transport:Tram                           120.00 USD

2015-03-29 * "China Garden" | "Eating out alone"
  Liabilities:US:Chase:Slate                        -19.44 USD
  Expenses:Food:Restaurant                           19.44 USD

2015-04-01 * "China Garden" | "Eating out "
  Liabilities:US:Chase:Slate                        -23.55 USD
  Expenses:Food:Restaurant                           23.55 USD

2015-04-03 * "China Garden" | "Eating out with Julie"
  Liabilities:US:Chase:Slate                        -36.05 USD
  Expenses:Food:Restaurant                           36.05 USD

2015-04-05 * "Cafe Modagor" | "Eating out "
  Liabilities:US:Chase:Slate                        -41.40 USD
  Expenses:Food:Restaurant                           41.40 USD

2015-04-08 * "Corner Deli" | "Buying groceries"
  Liabilities:US:Chase:Slate                        -73.55 USD
  Expenses:Food:Groceries                            73.55 USD

2015-04-09 * "Kin Soy" | "Eating out with Natasha"
  Liabilities:US:Chase:Slate                        -23.34 USD
  Expenses:Food:Restaurant                           23.34 USD

2015-04-11 * "Chase:Slate" | "Paying off credit card"
  Liabilities:US:Chase:Slate                        838.75 USD
  Assets:US:BofA:Checking                          -838.75 USD

2015-04-14 * "Uncle Boons" | "Eating out with Julie"
  Liabilities:US:Chase:Slate                        -29.91 USD
  Expenses:Food:Restaurant                           29.91 USD

2015-04-15 balance Liabilities:US:Chase:Slate     -1055.70 USD

2015-04-17 * "Rose Flower" | "Eating out with Julie"
  Liabilities:US:Chase:Slate                        -42.55 USD
  Expenses:Food:Restaurant                           42.55 USD

2015-04-19 * "Chichipotle" | "Eating out with Natasha"
  Liabilities:US:Chase:Slate                        -32.71 USD
  Expenses:Food:Restaurant                           32.71 USD

2015-04-20 * "Farmer Fresh" | "Buying groceries"
  Liabilities:US:Chase:Slate                        -79.89 USD
  Expenses:Food:Groceries                            79.89 USD

2015-04-22 * "China Garden" | "Eating out alone"
  Liabilities:US:Chase:Slate                        -30.10 USD
  Expenses:Food:Restaurant                           30.10 USD

2015-04-23 * "Chichipotle" | "Eating out with work buddies"
  Liabilities:US:Chase:Slate                        -48.24 USD
  Expenses:Food:Restaurant                           48.24 USD

2015-04-24 * "Metro Transport Authority" | "Tram tickets"
  Liabilities:US:Chase:Slate                       -120.00 USD
  Expenses:Transport:Tram                           120.00 USD

2015-04-28 * "Cafe Modagor" | "Eating out with Natasha"
  Liabilities:US:Chase:Slate                        -29.51 USD
  Expenses:Food:Restaurant                           29.51 USD

2015-05-03 * "Cafe Modagor" | "Eating out with Julie"
  Liabilities:US:Chase:Slate                        -32.69 USD
  Expenses:Food:Restaurant                           32.69 USD

2015-05-04 * "Jewel of Morroco" | "Eating out with Bill"
  Liabilities:US:Chase:Slate                        -46.49 USD
  Expenses:Food:Restaurant                           46.49 USD

2015-05-05 * "Corner Deli" | "Buying groceries"
  Liabilities:US:Chase:Slate                        -51.91 USD
  Expenses:Food:Groceries                            51.91 USD

2015-05-07 * "Chase:Slate" | "Paying off credit card"
  Liabilities:US:Chase:Slate                        549.30 USD
  Assets:US:BofA:Checking                          -549.30 USD

2015-05-09 * "Uncle Boons" | "Eating out with work buddies"
  Liabilities:US:Chase:Slate                        -35.21 USD
  Expenses:Food:Restaurant                           35.21 USD

2015-05-11 * "Goba Goba" | "Eating out with Bill"
  Liabilities:US:Chase:Slate                        -60.05 USD
  Expenses:Food:Restaurant                           60.05 USD

2015-05-13 balance Liabilities:US:Chase:Slate     -1115.75 USD

2015-05-13 * "Uncle Boons" | "Eating out with Julie"
  Liabilities:US:Chase:Slate                        -13.53 USD
  Expenses:Food:Restaurant                           13.53 USD

2015-05-14 * "Rose Flower" | "Eating out after work"
  Liabilities:US:Chase:Slate                         -7.73 USD
  Expenses:Food:Restaurant                            7.73 USD

2015-05-19 * "Cafe Modagor" | "Eating out with work buddies"
  Liabilities:US:Chase:Slate                        -42.25 USD
  Expenses:Food:Restaurant                           42.25 USD

2015-05-21 * "Corner Deli" | "Buying groceries"
  Liabilities:US:Chase:Slate                        -61.85 USD
  Expenses:Food:Groceries                            61.85 USD

2015-05-24 * "Rose Flower" | "Eating out alone"
  Liabilities:US:Chase:Slate                        -21.94 USD
  Expenses:Food:Restaurant                           21.94 USD

2015-05-24 * "Metro Transport Authority" | "Tram tickets"
  Liabilities:US:Chase:Slate                       -120.00 USD
  Expenses:Transport:Tram                           120.00 USD

2015-05-26 event "location" "New York"

2015-05-27 * "Laut" | "" #trip-new-york-2015
  Liabilities:US:Chase:Slate                        -29.92 USD
  Expenses:Food:Restaurant                           29.92 USD

2015-05-29 * "Takahachi" | "" #trip-new-york-2015
  Liabilities:US:Chase:Slate                        -49.56 USD
  Expenses:Food:Restaurant                           49.56 USD

2015-05-29 * "Laut" | "" #trip-new-york-2015
  Liabilities:US:Chase:Slate                        -34.20 USD
  Expenses:Food:Restaurant                           34.20 USD

2015-05-29 * "Gimme! Coffee" | "" #trip-new-york-2015
  Liabilities:US:Chase:Slate                         -7.30 USD
  Expenses:Food:Coffee                                7.30 USD

2015-05-30 * "Uncle Boons" | "" #trip-new-york-2015
  Liabilities:US:Chase:Slate                        -34.77 USD
  Expenses:Food:Restaurant                           34.77 USD

2015-06-01 * "La Colombe" | "" #trip-new-york-2015
  Liabilities:US:Chase:Slate                         -5.78 USD
  Expenses:Food:Coffee                                5.78 USD

2015-06-02 * "Cafe Select" | "" #trip-new-york-2015
  Liabilities:US:Chase:Slate                        -23.04 USD
  Expenses:Food:Restaurant                           23.04 USD

2015-06-03 * "Uncle Boons" | "" #trip-new-york-2015
  Liabilities:US:Chase:Slate                        -43.60 USD
  Expenses:Food:Restaurant                           43.60 USD

2015-06-03 * "Cafe Select" | "" #trip-new-york-2015
  Liabilities:US:Chase:Slate                        -26.49 USD
  Expenses:Food:Restaurant                           26.49 USD

2015-06-03 * "Consume vacation days"
  Assets:US:Hoogle:Vacation                            -64 VACHR
  Expenses:Vacation                                     64 VACHR

2015-06-03 event "location" "New Metropolis"

2015-06-05 * "Good Moods Market" | "Buying groceries"
  Liabilities:US:Chase:Slate                        -53.67 USD
  Expenses:Food:Groceries                            53.67 USD

2015-06-07 * "Goba Goba" | "Eating out alone"
  Liabilities:US:Chase:Slate                        -71.07 USD
  Expenses:Food:Restaurant                           71.07 USD

2015-06-10 balance Liabilities:US:Chase:Slate     -1762.45 USD

2015-06-10 * "Cafe Modagor" | "Eating out with work buddies"
  Liabilities:US:Chase:Slate                        -54.34 USD
  Expenses:Food:Restaurant                           54.34 USD

2015-06-11 * "Chase:Slate" | "Paying off credit card"
  Liabilities:US:Chase:Slate                        557.34 USD
  Assets:US:BofA:Checking                          -557.34 USD

2015-06-14 * "China Garden" | "Eating out alone"
  Liabilities:US:Chase:Slate                        -50.91 USD
  Expenses:Food:Restaurant                           50.91 USD

2015-06-15 * "Onion Market" | "Buying groceries"
  Liabilities:US:Chase:Slate                        -96.37 USD
  Expenses:Food:Groceries                            96.37 USD

2015-06-18 * "Goba Goba" | "Eating out with Joe"
  Liabilities:US:Chase:Slate                        -34.90 USD
  Expenses:Food:Restaurant                           34.90 USD

2015-06-21 * "Jewel of Morroco" | "Eating out with Julie"
  Liabilities:US:Chase:Slate                        -35.48 USD
  Expenses:Food:Restaurant                           35.48 USD

2015-06-24 * "Metro Transport Authority" | "Tram tickets"
  Liabilities:US:Chase:Slate                       -120.00 USD
  Expenses:Transport:Tram                           120.00 USD

2015-06-25 * "Chichipotle" | "Eating out with Bill"
  Liabilities:US:Chase:Slate                        -18.78 USD
  Expenses:Food:Restaurant                           18.78 USD

2015-06-26 * "Jewel of Morroco" | "Eating out alone"
  Liabilities:US:Chase:Slate                        -22.82 USD
  Expenses:Food:Restaurant                           22.82 USD

2015-06-27 * "Kin Soy" | "Eating out with Julie"
  Liabilities:US:Chase:Slate                        -54.46 USD
  Expenses:Food:Restaurant                           54.46 USD

2015-06-28 * "Farmer Fresh" | "Buying groceries"
  Liabilities:US:Chase:Slate                        -75.35 USD
  Expenses:Food:Groceries                            75.35 USD

2015-07-01 * "Jewel of Morroco" | "Eating out alone"
  Liabilities:US:Chase:Slate                        -18.18 USD
  Expenses:Food:Restaurant                           18.18 USD

2015-07-04 balance Liabilities:US:Chase:Slate     -1786.70 USD

2015-07-04 * "Rose Flower" | "Eating out after work"
  Liabilities:US:Chase:Slate                        -37.65 USD
  Expenses:Food:Restaurant                           37.65 USD

2015-07-07 * "Chichipotle" | "Eating out with Julie"
  Liabilities:US:Chase:Slate                        -34.70 USD
  Expenses:Food:Restaurant                           34.70 USD

2015-07-07 * "Good Moods Market" | "Buying groceries"
  Liabilities:US:Chase:Slate                        -88.31 USD
  Expenses:Food:Groceries                            88.31 USD

2015-07-10 * "Chase:Slate" | "Paying off credit card"
  Liabilities:US:Chase:Slate                        699.04 USD
  Assets:US:BofA:Checking                          -699.04 USD

2015-07-12 * "Kin Soy" | "Eating out "
  Liabilities:US:Chase:Slate                        -62.04 USD
  Expenses:Food:Restaurant                           62.04 USD

2015-07-15 * "Corner Deli" | "Buying groceries"
  Liabilities:US:Chase:Slate                       -117.46 USD
  Expenses:Food:Groceries                           117.46 USD

2015-07-16 * "Uncle Boons" | "Eating out alone"
  Liabilities:US:Chase:Slate                        -20.26 USD
  Expenses:Food:Restaurant                           20.26 USD

2015-07-19 * "Cafe Modagor" | "Eating out "
  Liabilities:US:Chase:Slate                        -44.46 USD
  Expenses:Food:Restaurant                           44.46 USD

2015-07-22 * "Goba Goba" | "Eating out alone"
  Liabilities:US:Chase:Slate                        -37.62 USD
  Expenses:Food:Restaurant                           37.62 USD

2015-07-22 * "Corner Deli" | "Buying groceries"
  Liabilities:US:Chase:Slate                        -83.13 USD
  Expenses:Food:Groceries                            83.13 USD

2015-07-24 * "China Garden" | "Eating out with Bill"
  Liabilities:US:Chase:Slate                        -48.58 USD
  Expenses:Food:Restaurant                           48.58 USD

2015-07-25 * "China Garden" | "Eating out with Julie"
  Liabilities:US:Chase:Slate                        -30.24 USD
  Expenses:Food:Restaurant                           30.24 USD

2015-07-25 * "Metro Transport Authority" | "Tram tickets"
  Liabilities:US:Chase:Slate                       -120.00 USD
  Expenses:Transport:Tram                           120.00 USD

2015-07-27 * "Jewel of Morroco" | "Eating out with Joe"
  Liabilities:US:Chase:Slate                        -24.73 USD
  Expenses:Food:Restaurant                           24.73 USD

2015-07-29 * "Kin Soy" | "Eating out "
  Liabilities:US:Chase:Slate                        -28.32 USD
  Expenses:Food:Restaurant                           28.32 USD

2015-07-30 balance Liabilities:US:Chase:Slate     -1865.16 USD

2015-08-01 * "Jewel of Morroco" | "Eating out with work buddies"
  Liabilities:US:Chase:Slate                        -22.64 USD
  Expenses:Food:Restaurant                           22.64 USD

2015-08-03 * "Jewel of Morroco" | "Eating out with Bill"
  Liabilities:US:Chase:Slate                        -21.86 USD
  Expenses:Food:Restaurant                           21.86 USD

2015-08-04 * "China Garden" | "Eating out with Natasha"
  Liabilities:US:Chase:Slate                        -23.04 USD
  Expenses:Food:Restaurant                           23.04 USD

2015-08-05 * "Cafe Modagor" | "Eating out "
  Liabilities:US:Chase:Slate                        -29.75 USD
  Expenses:Food:Restaurant                           29.75 USD

2015-08-07 * "Chase:Slate" | "Paying off credit card"
  Liabilities:US:Chase:Slate                        689.55 USD
  Assets:US:BofA:Checking                          -689.55 USD

2015-08-08 * "Jewel of Morroco" | "Eating out with Bill"
  Liabilities:US:Chase:Slate                        -37.46 USD
  Expenses:Food:Restaurant                           37.46 USD

2015-08-08 * "Corner Deli" | "Buying groceries"
  Liabilities:US:Chase:Slate                       -117.68 USD
  Expenses:Food:Groceries                           117.68 USD

2015-08-10 * "Goba Goba" | "Eating out "
  Liabilities:US:Chase:Slate                        -39.35 USD
  Expenses:Food:Restaurant                           39.35 USD

2015-08-12 * "Goba Goba" | "Eating out with Bill"
  Liabilities:US:Chase:Slate                        -40.56 USD
  Expenses:Food:Restaurant                           40.56 USD

2015-08-13 * "Jewel of Morroco" | "Eating out with Joe"
  Liabilities:US:Chase:Slate                        -36.73 USD
  Expenses:Food:Restaurant                           36.73 USD

2015-08-14 * "Jewel of Morroco" | "Eating out alone"
  Liabilities:US:Chase:Slate                        -18.93 USD
  Expenses:Food:Restaurant                           18.93 USD

2015-08-15 * "Kin Soy" | "Eating out with Julie"
  Liabilities:US:Chase:Slate                        -24.08 USD
  Expenses:Food:Restaurant                           24.08 USD

2015-08-19 * "Jewel of Morroco" | "Eating out with Bill"
  Liabilities:US:Chase:Slate                        -11.02 USD
  Expenses:Food:Restaurant                           11.02 USD

2015-08-20 balance Liabilities:US:Chase:Slate     -1598.71 USD

2015-08-22 * "Kin Soy" | "Eating out with work buddies"
  Liabilities:US:Chase:Slate                        -46.39 USD
  Expenses:Food:Restaurant                           46.39 USD

2015-08-23 * "Uncle Boons" | "Eating out with work buddies"
  Liabilities:US:Chase:Slate                        -27.02 USD
  Expenses:Food:Restaurant                           27.02 USD

2015-08-23 * "Corner Deli" | "Buying groceries"
  Liabilities:US:Chase:Slate                        -94.01 USD
  Expenses:Food:Groceries                            94.01 USD

2015-08-24 * "Chichipotle" | "Eating out with Joe"
  Liabilities:US:Chase:Slate                        -25.39 USD
  Expenses:Food:Restaurant                           25.39 USD

2015-08-25 * "Metro Transport Authority" | "Tram tickets"
  Liabilities:US:Chase:Slate                       -120.00 USD
  Expenses:Transport:Tram                           120.00 USD

2015-08-27 * "Kin Soy" | "Eating out with Bill"
  Liabilities:US:Chase:Slate                        -30.97 USD
  Expenses:Food:Restaurant                           30.97 USD

2015-08-28 * "Kin Soy" | "Eating out "
  Liabilities:US:Chase:Slate                        -10.90 USD
  Expenses:Food:Restaurant                           10.90 USD

2015-09-01 * "Chichipotle" | "Eating out with work buddies"
  Liabilities:US:Chase:Slate                        -22.80 USD
  Expenses:Food:Restaurant                           22.80 USD

2015-09-02 * "Corner Deli" | "Buying groceries"
  Liabilities:US:Chase:Slate                        -47.84 USD
  Expenses:Food:Groceries                            47.84 USD

2015-09-03 * "Cafe Modagor" | "Eating out with Joe"
  Liabilities:US:Chase:Slate                        -35.57 USD
  Expenses:Food:Restaurant                           35.57 USD

2015-09-07 * "China Garden" | "Eating out alone"
  Liabilities:US:Chase:Slate                        -21.15 USD
  Expenses:Food:Restaurant                           21.15 USD

2015-09-09 * "Chichipotle" | "Eating out with Bill"
  Liabilities:US:Chase:Slate                        -21.03 USD
  Expenses:Food:Restaurant                           21.03 USD

2015-09-09 * "Chase:Slate" | "Paying off credit card"
  Liabilities:US:Chase:Slate                        791.42 USD
  Assets:US:BofA:Checking                          -791.42 USD

2015-09-12 * "Cafe Modagor" | "Eating out with Natasha"
  Liabilities:US:Chase:Slate                        -27.44 USD
  Expenses:Food:Restaurant                           27.44 USD

2015-09-16 balance Liabilities:US:Chase:Slate     -1337.80 USD

2015-09-17 * "Jewel of Morroco" | "Eating out "
  Liabilities:US:Chase:Slate                        -38.17 USD
  Expenses:Food:Restaurant                           38.17 USD

2015-09-19 * "Rose Flower" | "Eating out with work buddies"
  Liabilities:US:Chase:Slate                        -23.00 USD
  Expenses:Food:Restaurant                           23.00 USD

2015-09-21 * "Corner Deli" | "Buying groceries"
  Liabilities:US:Chase:Slate                       -130.15 USD
  Expenses:Food:Groceries                           130.15 USD

2015-09-24 * "China Garden" | "Eating out with Joe"
  Liabilities:US:Chase:Slate                        -21.83 USD
  Expenses:Food:Restaurant                           21.83 USD

2015-09-25 * "Metro Transport Authority" | "Tram tickets"
  Liabilities:US:Chase:Slate                       -120.00 USD
  Expenses:Transport:Tram                           120.00 USD

2015-09-26 * "China Garden" | "Eating out "
  Liabilities:US:Chase:Slate                        -14.35 USD
  Expenses:Food:Restaurant                           14.35 USD

2015-09-29 * "Rose Flower" | "Eating out with Natasha"
  Liabilities:US:Chase:Slate                        -49.99 USD
  Expenses:Food:Restaurant                           49.99 USD

2015-09-30 * "Cafe Modagor" | "Eating out with Natasha"
  Liabilities:US:Chase:Slate                        -25.89 USD
  Expenses:Food:Restaurant                           25.89 USD

2015-10-05 * "Cafe Modagor" | "Eating out with Bill"
  Liabilities:US:Chase:Slate                        -41.00 USD
  Expenses:Food:Restaurant                           41.00 USD

2015-10-08 balance Liabilities:US:Chase:Slate     -1802.18 USD

2015-10-08 * "Chase:Slate" | "Paying off credit card"
  Liabilities:US:Chase:Slate                        511.24 USD
  Assets:US:BofA:Checking                          -511.24 USD

2015-10-09 * "Chichipotle" | "Eating out with Joe"
  Liabilities:US:Chase:Slate                        -19.42 USD
  Expenses:Food:Restaurant                           19.42 USD

2015-10-09 * "Good Moods Market" | "Buying groceries"
  Liabilities:US:Chase:Slate                        -78.44 USD
  Expenses:Food:Groceries                            78.44 USD

2015-10-14 * "Kin Soy" | "Eating out "
  Liabilities:US:Chase:Slate                        -37.99 USD
  Expenses:Food:Restaurant                           37.99 USD

2015-10-19 * "Jewel of Morroco" | "Eating out with Joe"
  Liabilities:US:Chase:Slate                        -30.60 USD
  Expenses:Food:Restaurant                           30.60 USD

2015-10-24 * "Uncle Boons" | "Eating out after work"
  Liabilities:US:Chase:Slate                        -10.64 USD
  Expenses:Food:Restaurant                           10.64 USD

2015-10-26 * "Metro Transport Authority" | "Tram tickets"
  Liabilities:US:Chase:Slate                       -120.00 USD
  Expenses:Transport:Tram                           120.00 USD

2015-10-29 * "Uncle Boons" | "Eating out after work"
  Liabilities:US:Chase:Slate                        -21.16 USD
  Expenses:Food:Restaurant                           21.16 USD

2015-10-29 * "Farmer Fresh" | "Buying groceries"
  Liabilities:US:Chase:Slate                        -68.15 USD
  Expenses:Food:Groceries                            68.15 USD

2015-11-01 * "Chichipotle" | "Eating out after work"
  Liabilities:US:Chase:Slate                        -37.97 USD
  Expenses:Food:Restaurant                           37.97 USD

2015-11-02 * "Kin Soy" | "Eating out with Joe"
  Liabilities:US:Chase:Slate                        -23.72 USD
  Expenses:Food:Restaurant                           23.72 USD

2015-11-03 balance Liabilities:US:Chase:Slate     -1739.03 USD

2015-11-03 * "Kin Soy" | "Eating out alone"
  Liabilities:US:Chase:Slate                        -28.29 USD
  Expenses:Food:Restaurant                           28.29 USD

2015-11-08 * "Jewel of Morroco" | "Eating out "
  Liabilities:US:Chase:Slate                        -26.21 USD
  Expenses:Food:Restaurant                           26.21 USD

2015-11-12 * "Cafe Modagor" | "Eating out "
  Liabilities:US:Chase:Slate                        -26.75 USD
  Expenses:Food:Restaurant                           26.75 USD

2015-11-14 * "Jewel of Morroco" | "Eating out with work buddies"
  Liabilities:US:Chase:Slate                        -44.55 USD
  Expenses:Food:Restaurant                           44.55 USD

2015-11-16 * "Kin Soy" | "Eating out with work buddies"
  Liabilities:US:Chase:Slate                        -28.20 USD
  Expenses:Food:Restaurant                           28.20 USD

2015-11-16 * "Corner Deli" | "Buying groceries"
  Liabilities:US:Chase:Slate                        -65.70 USD
  Expenses:Food:Groceries                            65.70 USD

2015-11-20 * "Cafe Modagor" | "Eating out with Joe"
  Liabilities:US:Chase:Slate                        -27.88 USD
  Expenses:Food:Restaurant                           27.88 USD

2015-11-21 * "Kin Soy" | "Eating out with work buddies"
  Liabilities:US:Chase:Slate                        -22.22 USD
  Expenses:Food:Restaurant                           22.22 USD

2015-11-25 * "Goba Goba" | "Eating out alone"
  Liabilities:US:Chase:Slate                        -38.29 USD
  Expenses:Food:Restaurant                           38.29 USD

2015-11-26 * "Metro Transport Authority" | "Tram tickets"
  Liabilities:US:Chase:Slate                       -120.00 USD
  Expenses:Transport:Tram                           120.00 USD



* Taxable Investments

2013-01-01 open Assets:US:ETrade:Cash                       USD
2013-01-01 open Assets:US:ETrade:ITOT                       ITOT
2013-01-01 open Assets:US:ETrade:VEA                       VEA
2013-01-01 open Assets:US:ETrade:VHT                       VHT
2013-01-01 open Assets:US:ETrade:GLD                       GLD
2013-01-01 open Income:US:ETrade:Gains                      USD
2013-01-01 open Income:US:ETrade:Dividends                  USD

2013-09-01 * "Buy shares of GLD"
  Assets:US:ETrade:Cash                            -653.80 USD              
  Assets:US:ETrade:GLD                                   5 GLD {128.97 USD}
  Expenses:Financial:Commissions                      8.95 USD              

2013-09-01 * "Buy shares of ITOT"
  Assets:US:ETrade:Cash                            -689.23 USD              
  Assets:US:ETrade:ITOT                                  6 ITOT {113.38 USD}
  Expenses:Financial:Commissions                      8.95 USD              

2013-09-01 * "Buy shares of VEA"
  Assets:US:ETrade:Cash                            -478.23 USD              
  Assets:US:ETrade:VEA                                   2 VEA {234.64 USD}
  Expenses:Financial:Commissions                      8.95 USD              

2013-09-01 * "Buy shares of VHT"
  Assets:US:ETrade:Cash                            -623.00 USD              
  Assets:US:ETrade:VHT                                   5 VHT {122.81 USD}
  Expenses:Financial:Commissions                      8.95 USD              

2013-09-18 * "Dividends on portfolio"
  Assets:US:ETrade:Cash                               9.63 USD
  Income:US:ETrade:Dividends                         -9.63 USD

2013-10-11 * "Buy shares of VHT"
  Assets:US:ETrade:Cash                           -1104.34 USD              
  Assets:US:ETrade:VHT                                   9 VHT {121.71 USD}
  Expenses:Financial:Commissions                      8.95 USD              

2013-10-11 * "Buy shares of ITOT"
  Assets:US:ETrade:Cash                           -1051.60 USD              
  Assets:US:ETrade:ITOT                                  9 ITOT {115.85 USD}
  Expenses:Financial:Commissions                      8.95 USD              

2013-10-11 * "Buy shares of GLD"
  Assets:US:ETrade:Cash                           -1050.31 USD              
  Assets:US:ETrade:GLD                                   8 GLD {130.17 USD}
  Expenses:Financial:Commissions                      8.95 USD              

2013-10-11 * "Buy shares of VEA"
  Assets:US:ETrade:Cash                            -926.11 USD              
  Assets:US:ETrade:VEA                                   4 VEA {229.29 USD}
  Expenses:Financial:Commissions                      8.95 USD              

2013-11-13 * "Sell shares of VEA"
  Assets:US:ETrade:VEA                                  -4 VEA {229.29 USD} @ 220.93 USD
  Assets:US:ETrade:Cash                             874.77 USD                           
  Expenses:Financial:Commissions                      8.95 USD                           
  Income:US:ETrade:Gains                             33.44 USD                           

2013-12-14 * "Buy shares of ITOT"
  Assets:US:ETrade:Cash                            -235.47 USD              
  Assets:US:ETrade:ITOT                                  2 ITOT {113.26 USD}
  Expenses:Financial:Commissions                      8.95 USD              

2013-12-14 * "Buy shares of VEA"
  Assets:US:ETrade:Cash                            -219.07 USD              
  Assets:US:ETrade:VEA                                   1 VEA {210.12 USD}
  Expenses:Financial:Commissions                      8.95 USD              

2013-12-14 * "Buy shares of VHT"
  Assets:US:ETrade:Cash                            -266.53 USD              
  Assets:US:ETrade:VHT                                   2 VHT {128.79 USD}
  Expenses:Financial:Commissions                      8.95 USD              

2013-12-14 * "Buy shares of GLD"
  Assets:US:ETrade:Cash                            -278.23 USD              
  Assets:US:ETrade:GLD                                   2 GLD {134.64 USD}
  Expenses:Financial:Commissions                      8.95 USD              

2013-12-17 * "Dividends on portfolio"
  Assets:US:ETrade:Cash                              29.87 USD
  Income:US:ETrade:Dividends                        -29.87 USD

2013-12-29 * "Sell shares of VHT"
  Assets:US:ETrade:VHT                                  -9 VHT {121.71 USD} @ 126.00 USD
  Assets:US:ETrade:Cash                            1125.05 USD                           
  Expenses:Financial:Commissions                      8.95 USD                           
  Income:US:ETrade:Gains                            -38.61 USD                           

2014-01-04 * "Buy shares of ITOT"
  Assets:US:ETrade:Cash                            -675.13 USD              
  Assets:US:ETrade:ITOT                                  6 ITOT {111.03 USD}
  Expenses:Financial:Commissions                      8.95 USD              

2014-01-04 * "Buy shares of GLD"
  Assets:US:ETrade:Cash                            -673.00 USD              
  Assets:US:ETrade:GLD                                   5 GLD {132.81 USD}
  Expenses:Financial:Commissions                      8.95 USD              

2014-02-03 * "Sell shares of VHT"
  Assets:US:ETrade:VHT                                  -5 VHT {122.81 USD} @ 127.86 USD
  Assets:US:ETrade:Cash                             630.35 USD                           
  Expenses:Financial:Commissions                      8.95 USD                           
  Income:US:ETrade:Gains                            -25.25 USD                           

2014-02-22 * "Sell shares of VEA"
  Assets:US:ETrade:VEA                                  -2 VEA {234.64 USD} @ 210.67 USD
  Assets:US:ETrade:Cash                             412.39 USD                           
  Expenses:Financial:Commissions                      8.95 USD                           
  Income:US:ETrade:Gains                             47.94 USD                           

2014-02-24 * "Buy shares of ITOT"
  Assets:US:ETrade:Cash                            -462.35 USD              
  Assets:US:ETrade:ITOT                                  4 ITOT {113.35 USD}
  Expenses:Financial:Commissions                      8.95 USD              

2014-02-24 * "Buy shares of VEA"
  Assets:US:ETrade:Cash                            -430.29 USD              
  Assets:US:ETrade:VEA                                   2 VEA {210.67 USD}
  Expenses:Financial:Commissions                      8.95 USD              

2014-03-18 * "Dividends on portfolio"
  Assets:US:ETrade:Cash                              38.69 USD
  Income:US:ETrade:Dividends                        -38.69 USD

2014-05-13 * "Sell shares of VEA"
  Assets:US:ETrade:VEA                                  -2 VEA {210.67 USD} @ 195.30 USD
  Assets:US:ETrade:Cash                             381.65 USD                           
  Expenses:Financial:Commissions                      8.95 USD                           
  Income:US:ETrade:Gains                             30.74 USD                           

2014-05-18 * "Sell shares of GLD"
  Assets:US:ETrade:GLD                                  -8 GLD {130.17 USD} @ 137.29 USD
  Assets:US:ETrade:Cash                            1089.37 USD                           
  Expenses:Financial:Commissions                      8.95 USD                           
  Income:US:ETrade:Gains                            -56.96 USD                           

2014-05-21 * "Buy shares of GLD"
  Assets:US:ETrade:Cash                           -1519.14 USD              
  Assets:US:ETrade:GLD                                  11 GLD {137.29 USD}
  Expenses:Financial:Commissions                      8.95 USD              

2014-06-18 * "Dividends on portfolio"
  Assets:US:ETrade:Cash                              44.73 USD
  Income:US:ETrade:Dividends                        -44.73 USD

2014-09-18 * "Dividends on portfolio"
  Assets:US:ETrade:Cash                              44.73 USD
  Income:US:ETrade:Dividends                        -44.73 USD

2014-10-17 * "Sell shares of GLD"
  Assets:US:ETrade:GLD                                  -5 GLD {128.97 USD} @ 136.56 USD
  Assets:US:ETrade:Cash                             673.85 USD                           
  Expenses:Financial:Commissions                      8.95 USD                           
  Income:US:ETrade:Gains                            -37.95 USD                           

2014-10-18 * "Sell shares of GLD"
  Assets:US:ETrade:GLD                                 -11 GLD {137.29 USD} @ 136.56 USD
  Assets:US:ETrade:Cash                            1493.21 USD                           
  Expenses:Financial:Commissions                      8.95 USD                           
  Income:US:ETrade:Gains                              8.03 USD                           

2014-10-24 * "Buy shares of VHT"
  Assets:US:ETrade:Cash                          -10287.79 USD              
  Assets:US:ETrade:VHT                                  78 VHT {131.78 USD}
  Expenses:Financial:Commissions                      8.95 USD              

2014-11-02 * "Sell shares of ITOT"
  Assets:US:ETrade:ITOT                                 -6 ITOT {111.03 USD} @ 119.80 USD
  Assets:US:ETrade:Cash                             709.85 USD                           
  Expenses:Financial:Commissions                      8.95 USD                           
  Income:US:ETrade:Gains                            -52.62 USD                           

2014-12-16 * "Buy shares of VEA"
  Assets:US:ETrade:Cash                            -984.79 USD              
  Assets:US:ETrade:VEA                                   4 VEA {243.96 USD}
  Expenses:Financial:Commissions                      8.95 USD              

2014-12-16 * "Buy shares of GLD"
  Assets:US:ETrade:Cash                            -981.53 USD              
  Assets:US:ETrade:GLD                                   7 GLD {138.94 USD}
  Expenses:Financial:Commissions                      8.95 USD              

2014-12-16 * "Buy shares of VHT"
  Assets:US:ETrade:Cash                            -934.56 USD              
  Assets:US:ETrade:VHT                                   7 VHT {132.23 USD}
  Expenses:Financial:Commissions                      8.95 USD              

2014-12-16 * "Buy shares of ITOT"
  Assets:US:ETrade:Cash                            -886.05 USD              
  Assets:US:ETrade:ITOT                                  7 ITOT {125.30 USD}
  Expenses:Financial:Commissions                      8.95 USD              

2014-12-17 * "Dividends on portfolio"
  Assets:US:ETrade:Cash                             100.85 USD
  Income:US:ETrade:Dividends                       -100.85 USD

2015-01-25 * "Sell shares of VHT"
  Assets:US:ETrade:VHT                                 -78 VHT {131.78 USD} @ 138.96 USD
  Assets:US:ETrade:Cash                           10829.93 USD                           
  Expenses:Financial:Commissions                      8.95 USD                           
  Income:US:ETrade:Gains                           -560.04 USD                           

2015-01-28 * "Buy shares of VHT"
  Assets:US:ETrade:Cash                           -2788.15 USD              
  Assets:US:ETrade:VHT                                  20 VHT {138.96 USD}
  Expenses:Financial:Commissions                      8.95 USD              

2015-01-28 * "Buy shares of ITOT"
  Assets:US:ETrade:Cash                           -2696.95 USD              
  Assets:US:ETrade:ITOT                                 21 ITOT {128.00 USD}
  Expenses:Financial:Commissions                      8.95 USD              

2015-01-28 * "Buy shares of GLD"
  Assets:US:ETrade:Cash                           -2746.09 USD              
  Assets:US:ETrade:GLD                                  19 GLD {144.06 USD}
  Expenses:Financial:Commissions                      8.95 USD              

2015-01-28 * "Buy shares of VEA"
  Assets:US:ETrade:Cash                           -2560.55 USD              
  Assets:US:ETrade:VEA                                  10 VEA {255.16 USD}
  Expenses:Financial:Commissions                      8.95 USD              

2015-02-10 * "Sell shares of GLD"
  Assets:US:ETrade:GLD                                 -19 GLD {144.06 USD} @ 142.34 USD
  Assets:US:ETrade:Cash                            2695.51 USD                           
  Expenses:Financial:Commissions                      8.95 USD                           
  Income:US:ETrade:Gains                             32.68 USD                           

2015-02-13 * "Buy shares of VEA"
  Assets:US:ETrade:Cash                           -2963.83 USD              
  Assets:US:ETrade:VEA                                  12 VEA {246.24 USD}
  Expenses:Financial:Commissions                      8.95 USD              

2015-03-18 * "Dividends on portfolio"
  Assets:US:ETrade:Cash                             155.70 USD
  Income:US:ETrade:Dividends                       -155.70 USD

2015-05-01 * "Sell shares of VHT"
  Assets:US:ETrade:VHT                                 -20 VHT {138.96 USD} @ 148.19 USD
  Assets:US:ETrade:Cash                            2954.85 USD                           
  Expenses:Financial:Commissions                      8.95 USD                           
  Income:US:ETrade:Gains                           -184.60 USD                           

2015-05-02 * "Buy shares of ITOT"
  Assets:US:ETrade:Cash                           -1487.59 USD              
  Assets:US:ETrade:ITOT                                 12 ITOT {123.22 USD}
  Expenses:Financial:Commissions                      8.95 USD              

2015-05-02 * "Buy shares of VHT"
  Assets:US:ETrade:Cash                           -1490.85 USD              
  Assets:US:ETrade:VHT                                  10 VHT {148.19 USD}
  Expenses:Financial:Commissions                      8.95 USD              

2015-05-14 * "Sell shares of ITOT"
  Assets:US:ETrade:ITOT                                -21 ITOT {128.00 USD} @ 123.17 USD
  Assets:US:ETrade:Cash                            2577.62 USD                           
  Expenses:Financial:Commissions                      8.95 USD                           
  Income:US:ETrade:Gains                            101.43 USD                           

2015-05-20 * "Buy shares of VEA"
  Assets:US:ETrade:Cash                            -501.03 USD              
  Assets:US:ETrade:VEA                                   2 VEA {246.04 USD}
  Expenses:Financial:Commissions                      8.95 USD              

2015-05-20 * "Buy shares of GLD"
  Assets:US:ETrade:Cash                            -599.31 USD              
  Assets:US:ETrade:GLD                                   4 GLD {147.59 USD}
  Expenses:Financial:Commissions                      8.95 USD              

2015-05-20 * "Buy shares of ITOT"
  Assets:US:ETrade:Cash                            -496.03 USD              
  Assets:US:ETrade:ITOT                                  4 ITOT {121.77 USD}
  Expenses:Financial:Commissions                      8.95 USD              

2015-05-20 * "Buy shares of VHT"
  Assets:US:ETrade:Cash                            -601.55 USD              
  Assets:US:ETrade:VHT                                   4 VHT {148.15 USD}
  Expenses:Financial:Commissions                      8.95 USD              

2015-06-18 * "Dividends on portfolio"
  Assets:US:ETrade:Cash                             176.19 USD
  Income:US:ETrade:Dividends                       -176.19 USD

2015-08-27 * "Sell shares of VEA"
  Assets:US:ETrade:VEA                                 -12 VEA {246.24 USD} @ 269.57 USD
  Assets:US:ETrade:Cash                            3225.89 USD                           
  Expenses:Financial:Commissions                      8.95 USD                           
  Income:US:ETrade:Gains                           -279.96 USD                           

2015-09-07 * "Buy shares of VEA"
  Assets:US:ETrade:Cash                           -1645.33 USD              
  Assets:US:ETrade:VEA                                   6 VEA {272.73 USD}
  Expenses:Financial:Commissions                      8.95 USD              

2015-09-07 * "Buy shares of VHT"
  Assets:US:ETrade:Cash                           -1870.42 USD              
  Assets:US:ETrade:VHT                                  13 VHT {143.19 USD}
  Expenses:Financial:Commissions                      8.95 USD              

2015-09-15 * "Buy shares of GLD"
  Assets:US:ETrade:Cash                           -5197.70 USD              
  Assets:US:ETrade:GLD                                  35 GLD {148.25 USD}
  Expenses:Financial:Commissions                      8.95 USD              

2015-09-18 * "Dividends on portfolio"
  Assets:US:ETrade:Cash                             210.93 USD
  Income:US:ETrade:Dividends                       -210.93 USD

2015-10-25 * "Buy shares of VEA"
  Assets:US:ETrade:Cash                           -4489.43 USD              
  Assets:US:ETrade:VEA                                  16 VEA {280.03 USD}
  Expenses:Financial:Commissions                      8.95 USD              

2015-11-02 * "Sell shares of VEA"
  Assets:US:ETrade:VEA                                 -10 VEA {255.16 USD} @ 272.97 USD
  Assets:US:ETrade:Cash                            2720.75 USD                           
  Expenses:Financial:Commissions                      8.95 USD                           
  Income:US:ETrade:Gains                           -178.10 USD                           

2015-11-13 * "Sell shares of VHT"
  Assets:US:ETrade:VHT                                 -13 VHT {143.19 USD} @ 158.57 USD
  Assets:US:ETrade:Cash                            2052.46 USD                           
  Expenses:Financial:Commissions                      8.95 USD                           
  Income:US:ETrade:Gains                           -199.94 USD                           



* Vanguard Investments

2013-01-01 open Assets:US:Vanguard:Cash                       USD
2013-01-01 open Assets:US:Vanguard:VBMPX                     VBMPX
2013-01-01 open Assets:US:Vanguard:RGAGX                     RGAGX
2013-01-01 open Income:US:Hoogle:Match401k                   USD

2013-01-04 * "Employer match for contribution"
  Assets:US:Vanguard:Cash                           600.00 USD
  Income:US:Hoogle:Match401k                       -600.00 USD

2013-01-07 * "Investing 40% of cash in VBMPX"
  Assets:US:Vanguard:VBMPX                           3.512 VBMPX {136.66 USD}
  Assets:US:Vanguard:Cash                          -479.95 USD                

2013-01-07 * "Investing 60% of cash in RGAGX"
  Assets:US:Vanguard:RGAGX                           6.273 RGAGX {114.78 USD}
  Assets:US:Vanguard:Cash                          -720.01 USD                

2013-01-07 * "Investing 40% of cash in VBMPX"
  Assets:US:Vanguard:VBMPX                           1.756 VBMPX {136.66 USD}
  Assets:US:Vanguard:Cash                          -239.97 USD                

2013-01-07 * "Investing 60% of cash in RGAGX"
  Assets:US:Vanguard:RGAGX                           3.137 RGAGX {114.78 USD}
  Assets:US:Vanguard:Cash                          -360.06 USD                

2013-01-18 * "Employer match for contribution"
  Assets:US:Vanguard:Cash                           600.00 USD
  Income:US:Hoogle:Match401k                       -600.00 USD

2013-01-21 * "Investing 40% of cash in VBMPX"
  Assets:US:Vanguard:VBMPX                           3.490 VBMPX {137.53 USD}
  Assets:US:Vanguard:Cash                          -479.98 USD                

2013-01-21 * "Investing 60% of cash in RGAGX"
  Assets:US:Vanguard:RGAGX                           6.266 RGAGX {114.90 USD}
  Assets:US:Vanguard:Cash                          -719.96 USD                

2013-01-21 * "Investing 40% of cash in VBMPX"
  Assets:US:Vanguard:VBMPX                           1.745 VBMPX {137.53 USD}
  Assets:US:Vanguard:Cash                          -239.99 USD                

2013-01-21 * "Investing 60% of cash in RGAGX"
  Assets:US:Vanguard:RGAGX                           3.134 RGAGX {114.90 USD}
  Assets:US:Vanguard:Cash                          -360.10 USD                

2013-02-01 * "Employer match for contribution"
  Assets:US:Vanguard:Cash                           600.00 USD
  Income:US:Hoogle:Match401k                       -600.00 USD

2013-02-04 * "Investing 40% of cash in VBMPX"
  Assets:US:Vanguard:VBMPX                           3.526 VBMPX {136.13 USD}
  Assets:US:Vanguard:Cash                          -479.99 USD                

2013-02-04 * "Investing 60% of cash in RGAGX"
  Assets:US:Vanguard:RGAGX                           6.382 RGAGX {112.81 USD}
  Assets:US:Vanguard:Cash                          -719.95 USD                

2013-02-04 * "Investing 40% of cash in VBMPX"
  Assets:US:Vanguard:VBMPX                           1.763 VBMPX {136.13 USD}
  Assets:US:Vanguard:Cash                          -240.00 USD                

2013-02-04 * "Investing 60% of cash in RGAGX"
  Assets:US:Vanguard:RGAGX                           3.191 RGAGX {112.81 USD}
  Assets:US:Vanguard:Cash                          -359.98 USD                

2013-02-15 * "Employer match for contribution"
  Assets:US:Vanguard:Cash                           600.00 USD
  Income:US:Hoogle:Match401k                       -600.00 USD

2013-02-18 * "Investing 40% of cash in VBMPX"
  Assets:US:Vanguard:VBMPX                           3.517 VBMPX {136.47 USD}
  Assets:US:Vanguard:Cash                          -479.96 USD                

2013-02-18 * "Investing 60% of cash in RGAGX"
  Assets:US:Vanguard:RGAGX                           6.616 RGAGX {108.84 USD}
  Assets:US:Vanguard:Cash                          -720.09 USD                

2013-02-18 * "Investing 40% of cash in VBMPX"
  Assets:US:Vanguard:VBMPX                           1.759 VBMPX {136.47 USD}
  Assets:US:Vanguard:Cash                          -240.05 USD                

2013-02-18 * "Investing 60% of cash in RGAGX"
  Assets:US:Vanguard:RGAGX                           3.308 RGAGX {108.84 USD}
  Assets:US:Vanguard:Cash                          -360.04 USD                

2013-03-01 * "Employer match for contribution"
  Assets:US:Vanguard:Cash                           600.00 USD
  Income:US:Hoogle:Match401k                       -600.00 USD

2013-03-04 * "Investing 40% of cash in VBMPX"
  Assets:US:Vanguard:VBMPX                           3.533 VBMPX {135.87 USD}
  Assets:US:Vanguard:Cash                          -480.03 USD                

2013-03-04 * "Investing 60% of cash in RGAGX"
  Assets:US:Vanguard:RGAGX                           6.779 RGAGX {106.20 USD}
  Assets:US:Vanguard:Cash                          -719.93 USD                

2013-03-04 * "Investing 40% of cash in VBMPX"
  Assets:US:Vanguard:VBMPX                           1.766 VBMPX {135.87 USD}
  Assets:US:Vanguard:Cash                          -239.95 USD                

2013-03-04 * "Investing 60% of cash in RGAGX"
  Assets:US:Vanguard:RGAGX                           3.390 RGAGX {106.20 USD}
  Assets:US:Vanguard:Cash                          -360.02 USD                

2013-03-15 * "Employer match for contribution"
  Assets:US:Vanguard:Cash                           600.00 USD
  Income:US:Hoogle:Match401k                       -600.00 USD

2013-03-18 * "Investing 40% of cash in VBMPX"
  Assets:US:Vanguard:VBMPX                           3.523 VBMPX {136.26 USD}
  Assets:US:Vanguard:Cash                          -480.04 USD                

2013-03-18 * "Investing 60% of cash in RGAGX"
  Assets:US:Vanguard:RGAGX                           6.633 RGAGX {108.55 USD}
  Assets:US:Vanguard:Cash                          -720.01 USD                

2013-03-18 * "Investing 40% of cash in VBMPX"
  Assets:US:Vanguard:VBMPX                           1.761 VBMPX {136.26 USD}
  Assets:US:Vanguard:Cash                          -239.95 USD                

2013-03-18 * "Investing 60% of cash in RGAGX"
  Assets:US:Vanguard:RGAGX                           3.316 RGAGX {108.55 USD}
  Assets:US:Vanguard:Cash                          -359.95 USD                

2013-03-29 * "Employer match for contribution"
  Assets:US:Vanguard:Cash                           600.00 USD
  Income:US:Hoogle:Match401k                       -600.00 USD

2013-04-01 * "Investing 40% of cash in VBMPX"
  Assets:US:Vanguard:VBMPX                           3.532 VBMPX {135.91 USD}
  Assets:US:Vanguard:Cash                          -480.03 USD                

2013-04-01 * "Investing 60% of cash in RGAGX"
  Assets:US:Vanguard:RGAGX                           6.632 RGAGX {108.56 USD}
  Assets:US:Vanguard:Cash                          -719.97 USD                

2013-04-01 * "Investing 40% of cash in VBMPX"
  Assets:US:Vanguard:VBMPX                           1.766 VBMPX {135.91 USD}
  Assets:US:Vanguard:Cash                          -240.02 USD                

2013-04-01 * "Investing 60% of cash in RGAGX"
  Assets:US:Vanguard:RGAGX                           3.316 RGAGX {108.56 USD}
  Assets:US:Vanguard:Cash                          -359.98 USD                

2013-04-12 * "Employer match for contribution"
  Assets:US:Vanguard:Cash                           600.00 USD
  Income:US:Hoogle:Match401k                       -600.00 USD

2013-04-15 * "Investing 40% of cash in VBMPX"
  Assets:US:Vanguard:VBMPX                           3.587 VBMPX {133.81 USD}
  Assets:US:Vanguard:Cash                          -479.98 USD                

2013-04-15 * "Investing 60% of cash in RGAGX"
  Assets:US:Vanguard:RGAGX                           6.744 RGAGX {106.77 USD}
  Assets:US:Vanguard:Cash                          -720.06 USD                

2013-04-15 * "Investing 40% of cash in VBMPX"
  Assets:US:Vanguard:VBMPX                           1.794 VBMPX {133.81 USD}
  Assets:US:Vanguard:Cash                          -240.06 USD                

2013-04-15 * "Investing 60% of cash in RGAGX"
  Assets:US:Vanguard:RGAGX                           3.372 RGAGX {106.77 USD}
  Assets:US:Vanguard:Cash                          -360.03 USD                

2013-04-26 * "Employer match for contribution"
  Assets:US:Vanguard:Cash                           600.00 USD
  Income:US:Hoogle:Match401k                       -600.00 USD

2013-04-29 * "Investing 40% of cash in VBMPX"
  Assets:US:Vanguard:VBMPX                           3.610 VBMPX {132.95 USD}
  Assets:US:Vanguard:Cash                          -479.95 USD                

2013-04-29 * "Investing 60% of cash in RGAGX"
  Assets:US:Vanguard:RGAGX                           6.890 RGAGX {104.49 USD}
  Assets:US:Vanguard:Cash                          -719.94 USD                

2013-04-29 * "Investing 40% of cash in VBMPX"
  Assets:US:Vanguard:VBMPX                           1.805 VBMPX {132.95 USD}
  Assets:US:Vanguard:Cash                          -239.97 USD                

2013-04-29 * "Investing 60% of cash in RGAGX"
  Assets:US:Vanguard:RGAGX                           3.445 RGAGX {104.49 USD}
  Assets:US:Vanguard:Cash                          -359.97 USD                

2013-05-10 * "Employer match for contribution"
  Assets:US:Vanguard:Cash                           600.00 USD
  Income:US:Hoogle:Match401k                       -600.00 USD

2013-05-13 * "Investing 40% of cash in VBMPX"
  Assets:US:Vanguard:VBMPX                           3.575 VBMPX {134.26 USD}
  Assets:US:Vanguard:Cash                          -479.98 USD                

2013-05-13 * "Investing 60% of cash in RGAGX"
  Assets:US:Vanguard:RGAGX                           6.850 RGAGX {105.12 USD}
  Assets:US:Vanguard:Cash                          -720.07 USD                

2013-05-13 * "Investing 40% of cash in VBMPX"
  Assets:US:Vanguard:VBMPX                           1.788 VBMPX {134.26 USD}
  Assets:US:Vanguard:Cash                          -240.06 USD                

2013-05-13 * "Investing 60% of cash in RGAGX"
  Assets:US:Vanguard:RGAGX                           3.425 RGAGX {105.12 USD}
  Assets:US:Vanguard:Cash                          -360.04 USD                

2013-05-24 * "Employer match for contribution"
  Assets:US:Vanguard:Cash                           600.00 USD
  Income:US:Hoogle:Match401k                       -600.00 USD

2013-05-27 * "Investing 40% of cash in VBMPX"
  Assets:US:Vanguard:VBMPX                           3.620 VBMPX {132.59 USD}
  Assets:US:Vanguard:Cash                          -479.98 USD                

2013-05-27 * "Investing 60% of cash in RGAGX"
  Assets:US:Vanguard:RGAGX                           6.487 RGAGX {110.99 USD}
  Assets:US:Vanguard:Cash                          -719.99 USD                

2013-05-27 * "Investing 40% of cash in VBMPX"
  Assets:US:Vanguard:VBMPX                           1.810 VBMPX {132.59 USD}
  Assets:US:Vanguard:Cash                          -239.99 USD                

2013-05-27 * "Investing 60% of cash in RGAGX"
  Assets:US:Vanguard:RGAGX                           3.243 RGAGX {110.99 USD}
  Assets:US:Vanguard:Cash                          -359.94 USD                

2013-06-07 * "Employer match for contribution"
  Assets:US:Vanguard:Cash                           600.00 USD
  Income:US:Hoogle:Match401k                       -600.00 USD

2013-06-10 * "Investing 40% of cash in VBMPX"
  Assets:US:Vanguard:VBMPX                           3.611 VBMPX {132.93 USD}
  Assets:US:Vanguard:Cash                          -480.01 USD                

2013-06-10 * "Investing 60% of cash in RGAGX"
  Assets:US:Vanguard:RGAGX                           6.363 RGAGX {113.16 USD}
  Assets:US:Vanguard:Cash                          -720.04 USD                

2013-06-10 * "Investing 40% of cash in VBMPX"
  Assets:US:Vanguard:VBMPX                           1.805 VBMPX {132.93 USD}
  Assets:US:Vanguard:Cash                          -239.94 USD                

2013-06-10 * "Investing 60% of cash in RGAGX"
  Assets:US:Vanguard:RGAGX                           3.181 RGAGX {113.16 USD}
  Assets:US:Vanguard:Cash                          -359.96 USD                

2013-06-21 * "Employer match for contribution"
  Assets:US:Vanguard:Cash                           600.00 USD
  Income:US:Hoogle:Match401k                       -600.00 USD

2013-06-24 * "Investing 40% of cash in VBMPX"
  Assets:US:Vanguard:VBMPX                           3.650 VBMPX {131.50 USD}
  Assets:US:Vanguard:Cash                          -479.98 USD                

2013-06-24 * "Investing 60% of cash in RGAGX"
  Assets:US:Vanguard:RGAGX                           6.706 RGAGX {107.38 USD}
  Assets:US:Vanguard:Cash                          -720.09 USD                

2013-06-24 * "Investing 40% of cash in VBMPX"
  Assets:US:Vanguard:VBMPX                           1.825 VBMPX {131.50 USD}
  Assets:US:Vanguard:Cash                          -239.99 USD                

2013-06-24 * "Investing 60% of cash in RGAGX"
  Assets:US:Vanguard:RGAGX                           3.353 RGAGX {107.38 USD}
  Assets:US:Vanguard:Cash                          -360.05 USD                

2013-07-05 * "Employer match for contribution"
  Assets:US:Vanguard:Cash                           600.00 USD
  Income:US:Hoogle:Match401k                       -600.00 USD

2013-07-08 * "Investing 40% of cash in VBMPX"
  Assets:US:Vanguard:VBMPX                           3.616 VBMPX {132.75 USD}
  Assets:US:Vanguard:Cash                          -480.02 USD                

2013-07-08 * "Investing 60% of cash in RGAGX"
  Assets:US:Vanguard:RGAGX                           6.619 RGAGX {108.78 USD}
  Assets:US:Vanguard:Cash                          -720.01 USD                

2013-07-08 * "Investing 40% of cash in VBMPX"
  Assets:US:Vanguard:VBMPX                           1.808 VBMPX {132.75 USD}
  Assets:US:Vanguard:Cash                          -240.01 USD                

2013-07-08 * "Investing 60% of cash in RGAGX"
  Assets:US:Vanguard:RGAGX                           3.309 RGAGX {108.78 USD}
  Assets:US:Vanguard:Cash                          -359.95 USD                

2013-07-19 * "Employer match for contribution"
  Assets:US:Vanguard:Cash                           350.00 USD
  Income:US:Hoogle:Match401k                       -350.00 USD

2013-07-22 * "Investing 40% of cash in VBMPX"
  Assets:US:Vanguard:VBMPX                           2.113 VBMPX {132.51 USD}
  Assets:US:Vanguard:Cash                          -279.99 USD                

2013-07-22 * "Investing 60% of cash in RGAGX"
  Assets:US:Vanguard:RGAGX                           3.769 RGAGX {111.42 USD}
  Assets:US:Vanguard:Cash                          -419.94 USD                

2013-07-22 * "Investing 40% of cash in VBMPX"
  Assets:US:Vanguard:VBMPX                           1.057 VBMPX {132.51 USD}
  Assets:US:Vanguard:Cash                          -140.06 USD                

2013-07-22 * "Investing 60% of cash in RGAGX"
  Assets:US:Vanguard:RGAGX                           1.885 RGAGX {111.42 USD}
  Assets:US:Vanguard:Cash                          -210.03 USD                

2014-01-03 * "Employer match for contribution"
  Assets:US:Vanguard:Cash                           600.00 USD
  Income:US:Hoogle:Match401k                       -600.00 USD

2014-01-06 * "Investing 40% of cash in VBMPX"
  Assets:US:Vanguard:VBMPX                           3.478 VBMPX {137.99 USD}
  Assets:US:Vanguard:Cash                          -479.93 USD                

2014-01-06 * "Investing 60% of cash in RGAGX"
  Assets:US:Vanguard:RGAGX                           8.033 RGAGX {89.63 USD}
  Assets:US:Vanguard:Cash                          -720.00 USD               

2014-01-06 * "Investing 40% of cash in VBMPX"
  Assets:US:Vanguard:VBMPX                           1.739 VBMPX {137.99 USD}
  Assets:US:Vanguard:Cash                          -239.96 USD                

2014-01-06 * "Investing 60% of cash in RGAGX"
  Assets:US:Vanguard:RGAGX                           4.017 RGAGX {89.63 USD}
  Assets:US:Vanguard:Cash                          -360.04 USD               

2014-01-17 * "Employer match for contribution"
  Assets:US:Vanguard:Cash                           600.00 USD
  Income:US:Hoogle:Match401k                       -600.00 USD

2014-01-20 * "Investing 40% of cash in VBMPX"
  Assets:US:Vanguard:VBMPX                           3.427 VBMPX {140.08 USD}
  Assets:US:Vanguard:Cash                          -480.05 USD                

2014-01-20 * "Investing 60% of cash in RGAGX"
  Assets:US:Vanguard:RGAGX                           7.760 RGAGX {92.78 USD}
  Assets:US:Vanguard:Cash                          -719.97 USD               

2014-01-20 * "Investing 40% of cash in VBMPX"
  Assets:US:Vanguard:VBMPX                           1.713 VBMPX {140.08 USD}
  Assets:US:Vanguard:Cash                          -239.96 USD                

2014-01-20 * "Investing 60% of cash in RGAGX"
  Assets:US:Vanguard:RGAGX                           3.880 RGAGX {92.78 USD}
  Assets:US:Vanguard:Cash                          -359.99 USD               

2014-01-31 * "Employer match for contribution"
  Assets:US:Vanguard:Cash                           600.00 USD
  Income:US:Hoogle:Match401k                       -600.00 USD

2014-02-03 * "Investing 40% of cash in VBMPX"
  Assets:US:Vanguard:VBMPX                           3.390 VBMPX {141.60 USD}
  Assets:US:Vanguard:Cash                          -480.02 USD                

2014-02-03 * "Investing 60% of cash in RGAGX"
  Assets:US:Vanguard:RGAGX                           8.133 RGAGX {88.53 USD}
  Assets:US:Vanguard:Cash                          -720.01 USD               

2014-02-03 * "Investing 40% of cash in VBMPX"
  Assets:US:Vanguard:VBMPX                           1.695 VBMPX {141.60 USD}
  Assets:US:Vanguard:Cash                          -240.01 USD                

2014-02-03 * "Investing 60% of cash in RGAGX"
  Assets:US:Vanguard:RGAGX                           4.067 RGAGX {88.53 USD}
  Assets:US:Vanguard:Cash                          -360.05 USD               

2014-02-14 * "Employer match for contribution"
  Assets:US:Vanguard:Cash                           600.00 USD
  Income:US:Hoogle:Match401k                       -600.00 USD

2014-02-17 * "Investing 40% of cash in VBMPX"
  Assets:US:Vanguard:VBMPX                           3.434 VBMPX {139.76 USD}
  Assets:US:Vanguard:Cash                          -479.94 USD                

2014-02-17 * "Investing 60% of cash in RGAGX"
  Assets:US:Vanguard:RGAGX                           8.195 RGAGX {87.86 USD}
  Assets:US:Vanguard:Cash                          -720.01 USD               

2014-02-17 * "Investing 40% of cash in VBMPX"
  Assets:US:Vanguard:VBMPX                           1.717 VBMPX {139.76 USD}
  Assets:US:Vanguard:Cash                          -239.97 USD                

2014-02-17 * "Investing 60% of cash in RGAGX"
  Assets:US:Vanguard:RGAGX                           4.098 RGAGX {87.86 USD}
  Assets:US:Vanguard:Cash                          -360.05 USD               

2014-02-28 * "Employer match for contribution"
  Assets:US:Vanguard:Cash                           600.00 USD
  Income:US:Hoogle:Match401k                       -600.00 USD

2014-03-03 * "Investing 40% of cash in VBMPX"
  Assets:US:Vanguard:VBMPX                           3.326 VBMPX {144.31 USD}
  Assets:US:Vanguard:Cash                          -479.98 USD                

2014-03-03 * "Investing 60% of cash in RGAGX"
  Assets:US:Vanguard:RGAGX                           7.849 RGAGX {91.73 USD}
  Assets:US:Vanguard:Cash                          -719.99 USD               

2014-03-03 * "Investing 40% of cash in VBMPX"
  Assets:US:Vanguard:VBMPX                           1.663 VBMPX {144.31 USD}
  Assets:US:Vanguard:Cash                          -239.99 USD                

2014-03-03 * "Investing 60% of cash in RGAGX"
  Assets:US:Vanguard:RGAGX                           3.925 RGAGX {91.73 USD}
  Assets:US:Vanguard:Cash                          -360.04 USD               

2014-03-14 * "Employer match for contribution"
  Assets:US:Vanguard:Cash                           600.00 USD
  Income:US:Hoogle:Match401k                       -600.00 USD

2014-03-17 * "Investing 40% of cash in VBMPX"
  Assets:US:Vanguard:VBMPX                           3.326 VBMPX {144.32 USD}
  Assets:US:Vanguard:Cash                          -480.01 USD                

2014-03-17 * "Investing 60% of cash in RGAGX"
  Assets:US:Vanguard:RGAGX                           7.932 RGAGX {90.77 USD}
  Assets:US:Vanguard:Cash                          -719.99 USD               

2014-03-17 * "Investing 40% of cash in VBMPX"
  Assets:US:Vanguard:VBMPX                           1.663 VBMPX {144.32 USD}
  Assets:US:Vanguard:Cash                          -240.00 USD                

2014-03-17 * "Investing 60% of cash in RGAGX"
  Assets:US:Vanguard:RGAGX                           3.966 RGAGX {90.77 USD}
  Assets:US:Vanguard:Cash                          -359.99 USD               

2014-03-28 * "Employer match for contribution"
  Assets:US:Vanguard:Cash                           600.00 USD
  Income:US:Hoogle:Match401k                       -600.00 USD

2014-03-31 * "Investing 40% of cash in VBMPX"
  Assets:US:Vanguard:VBMPX                           3.343 VBMPX {143.60 USD}
  Assets:US:Vanguard:Cash                          -480.05 USD                

2014-03-31 * "Investing 60% of cash in RGAGX"
  Assets:US:Vanguard:RGAGX                           7.845 RGAGX {91.78 USD}
  Assets:US:Vanguard:Cash                          -720.01 USD               

2014-03-31 * "Investing 40% of cash in VBMPX"
  Assets:US:Vanguard:VBMPX                           1.671 VBMPX {143.60 USD}
  Assets:US:Vanguard:Cash                          -239.96 USD                

2014-03-31 * "Investing 60% of cash in RGAGX"
  Assets:US:Vanguard:RGAGX                           3.922 RGAGX {91.78 USD}
  Assets:US:Vanguard:Cash                          -359.96 USD               

2014-04-11 * "Employer match for contribution"
  Assets:US:Vanguard:Cash                           600.00 USD
  Income:US:Hoogle:Match401k                       -600.00 USD

2014-04-14 * "Investing 40% of cash in VBMPX"
  Assets:US:Vanguard:VBMPX                           3.303 VBMPX {145.31 USD}
  Assets:US:Vanguard:Cash                          -479.96 USD                

2014-04-14 * "Investing 60% of cash in RGAGX"
  Assets:US:Vanguard:RGAGX                           7.876 RGAGX {91.42 USD}
  Assets:US:Vanguard:Cash                          -720.02 USD               

2014-04-14 * "Investing 40% of cash in VBMPX"
  Assets:US:Vanguard:VBMPX                           1.652 VBMPX {145.31 USD}
  Assets:US:Vanguard:Cash                          -240.05 USD                

2014-04-14 * "Investing 60% of cash in RGAGX"
  Assets:US:Vanguard:RGAGX                           3.938 RGAGX {91.42 USD}
  Assets:US:Vanguard:Cash                          -360.01 USD               

2014-04-25 * "Employer match for contribution"
  Assets:US:Vanguard:Cash                           600.00 USD
  Income:US:Hoogle:Match401k                       -600.00 USD

2014-04-28 * "Investing 40% of cash in VBMPX"
  Assets:US:Vanguard:VBMPX                           3.301 VBMPX {145.41 USD}
  Assets:US:Vanguard:Cash                          -480.00 USD                

2014-04-28 * "Investing 60% of cash in RGAGX"
  Assets:US:Vanguard:RGAGX                           7.528 RGAGX {95.64 USD}
  Assets:US:Vanguard:Cash                          -719.98 USD               

2014-04-28 * "Investing 40% of cash in VBMPX"
  Assets:US:Vanguard:VBMPX                           1.651 VBMPX {145.41 USD}
  Assets:US:Vanguard:Cash                          -240.07 USD                

2014-04-28 * "Investing 60% of cash in RGAGX"
  Assets:US:Vanguard:RGAGX                           3.764 RGAGX {95.64 USD}
  Assets:US:Vanguard:Cash                          -359.99 USD               

2014-05-09 * "Employer match for contribution"
  Assets:US:Vanguard:Cash                           600.00 USD
  Income:US:Hoogle:Match401k                       -600.00 USD

2014-05-12 * "Investing 40% of cash in VBMPX"
  Assets:US:Vanguard:VBMPX                           3.262 VBMPX {147.13 USD}
  Assets:US:Vanguard:Cash                          -479.94 USD                

2014-05-12 * "Investing 60% of cash in RGAGX"
  Assets:US:Vanguard:RGAGX                           7.533 RGAGX {95.57 USD}
  Assets:US:Vanguard:Cash                          -719.93 USD               

2014-05-12 * "Investing 40% of cash in VBMPX"
  Assets:US:Vanguard:VBMPX                           1.631 VBMPX {147.13 USD}
  Assets:US:Vanguard:Cash                          -239.97 USD                

2014-05-12 * "Investing 60% of cash in RGAGX"
  Assets:US:Vanguard:RGAGX                           3.767 RGAGX {95.57 USD}
  Assets:US:Vanguard:Cash                          -360.01 USD               

2014-05-23 * "Employer match for contribution"
  Assets:US:Vanguard:Cash                           600.00 USD
  Income:US:Hoogle:Match401k                       -600.00 USD

2014-05-26 * "Investing 40% of cash in VBMPX"
  Assets:US:Vanguard:VBMPX                           3.286 VBMPX {146.09 USD}
  Assets:US:Vanguard:Cash                          -480.05 USD                

2014-05-26 * "Investing 60% of cash in RGAGX"
  Assets:US:Vanguard:RGAGX                           7.767 RGAGX {92.71 USD}
  Assets:US:Vanguard:Cash                          -720.08 USD               

2014-05-26 * "Investing 40% of cash in VBMPX"
  Assets:US:Vanguard:VBMPX                           1.643 VBMPX {146.09 USD}
  Assets:US:Vanguard:Cash                          -240.03 USD                

2014-05-26 * "Investing 60% of cash in RGAGX"
  Assets:US:Vanguard:RGAGX                           3.883 RGAGX {92.71 USD}
  Assets:US:Vanguard:Cash                          -359.99 USD               

2014-06-06 * "Employer match for contribution"
  Assets:US:Vanguard:Cash                           600.00 USD
  Income:US:Hoogle:Match401k                       -600.00 USD

2014-06-09 * "Investing 40% of cash in VBMPX"
  Assets:US:Vanguard:VBMPX                           3.275 VBMPX {146.56 USD}
  Assets:US:Vanguard:Cash                          -479.98 USD                

2014-06-09 * "Investing 60% of cash in RGAGX"
  Assets:US:Vanguard:RGAGX                           7.876 RGAGX {91.41 USD}
  Assets:US:Vanguard:Cash                          -719.95 USD               

2014-06-09 * "Investing 40% of cash in VBMPX"
  Assets:US:Vanguard:VBMPX                           1.638 VBMPX {146.56 USD}
  Assets:US:Vanguard:Cash                          -240.07 USD                

2014-06-09 * "Investing 60% of cash in RGAGX"
  Assets:US:Vanguard:RGAGX                           3.938 RGAGX {91.41 USD}
  Assets:US:Vanguard:Cash                          -359.97 USD               

2014-06-20 * "Employer match for contribution"
  Assets:US:Vanguard:Cash                           600.00 USD
  Income:US:Hoogle:Match401k                       -600.00 USD

2014-06-23 * "Investing 40% of cash in VBMPX"
  Assets:US:Vanguard:VBMPX                           3.257 VBMPX {147.37 USD}
  Assets:US:Vanguard:Cash                          -479.98 USD                

2014-06-23 * "Investing 60% of cash in RGAGX"
  Assets:US:Vanguard:RGAGX                           7.983 RGAGX {90.19 USD}
  Assets:US:Vanguard:Cash                          -719.99 USD               

2014-06-23 * "Investing 40% of cash in VBMPX"
  Assets:US:Vanguard:VBMPX                           1.629 VBMPX {147.37 USD}
  Assets:US:Vanguard:Cash                          -240.07 USD                

2014-06-23 * "Investing 60% of cash in RGAGX"
  Assets:US:Vanguard:RGAGX                           3.992 RGAGX {90.19 USD}
  Assets:US:Vanguard:Cash                          -360.04 USD               

2014-07-04 * "Employer match for contribution"
  Assets:US:Vanguard:Cash                           600.00 USD
  Income:US:Hoogle:Match401k                       -600.00 USD

2014-07-07 * "Investing 40% of cash in VBMPX"
  Assets:US:Vanguard:VBMPX                           3.246 VBMPX {147.84 USD}
  Assets:US:Vanguard:Cash                          -479.89 USD                

2014-07-07 * "Investing 60% of cash in RGAGX"
  Assets:US:Vanguard:RGAGX                           7.562 RGAGX {95.21 USD}
  Assets:US:Vanguard:Cash                          -719.98 USD               

2014-07-07 * "Investing 40% of cash in VBMPX"
  Assets:US:Vanguard:VBMPX                           1.623 VBMPX {147.84 USD}
  Assets:US:Vanguard:Cash                          -239.94 USD                

2014-07-07 * "Investing 60% of cash in RGAGX"
  Assets:US:Vanguard:RGAGX                           3.781 RGAGX {95.21 USD}
  Assets:US:Vanguard:Cash                          -359.99 USD               

2014-07-18 * "Employer match for contribution"
  Assets:US:Vanguard:Cash                           350.00 USD
  Income:US:Hoogle:Match401k                       -350.00 USD

2014-07-21 * "Investing 40% of cash in VBMPX"
  Assets:US:Vanguard:VBMPX                           1.895 VBMPX {147.74 USD}
  Assets:US:Vanguard:Cash                          -279.97 USD                

2014-07-21 * "Investing 60% of cash in RGAGX"
  Assets:US:Vanguard:RGAGX                           4.588 RGAGX {91.55 USD}
  Assets:US:Vanguard:Cash                          -420.03 USD               

2014-07-21 * "Investing 40% of cash in VBMPX"
  Assets:US:Vanguard:VBMPX                           0.948 VBMPX {147.74 USD}
  Assets:US:Vanguard:Cash                          -140.06 USD                

2014-07-21 * "Investing 60% of cash in RGAGX"
  Assets:US:Vanguard:RGAGX                           2.294 RGAGX {91.55 USD}
  Assets:US:Vanguard:Cash                          -210.02 USD               

2015-01-02 * "Employer match for contribution"
  Assets:US:Vanguard:Cash                           600.00 USD
  Income:US:Hoogle:Match401k                       -600.00 USD

2015-01-05 * "Investing 40% of cash in VBMPX"
  Assets:US:Vanguard:VBMPX                           3.221 VBMPX {149.04 USD}
  Assets:US:Vanguard:Cash                          -480.06 USD                

2015-01-05 * "Investing 60% of cash in RGAGX"
  Assets:US:Vanguard:RGAGX                           7.747 RGAGX {92.94 USD}
  Assets:US:Vanguard:Cash                          -720.01 USD               

2015-01-05 * "Investing 40% of cash in VBMPX"
  Assets:US:Vanguard:VBMPX                           1.610 VBMPX {149.04 USD}
  Assets:US:Vanguard:Cash                          -239.95 USD                

2015-01-05 * "Investing 60% of cash in RGAGX"
  Assets:US:Vanguard:RGAGX                           3.873 RGAGX {92.94 USD}
  Assets:US:Vanguard:Cash                          -359.96 USD               

2015-01-16 * "Employer match for contribution"
  Assets:US:Vanguard:Cash                           600.00 USD
  Income:US:Hoogle:Match401k                       -600.00 USD

2015-01-19 * "Investing 40% of cash in VBMPX"
  Assets:US:Vanguard:VBMPX                           3.186 VBMPX {150.65 USD}
  Assets:US:Vanguard:Cash                          -479.97 USD                

2015-01-19 * "Investing 60% of cash in RGAGX"
  Assets:US:Vanguard:RGAGX                           7.711 RGAGX {93.38 USD}
  Assets:US:Vanguard:Cash                          -720.05 USD               

2015-01-19 * "Investing 40% of cash in VBMPX"
  Assets:US:Vanguard:VBMPX                           1.593 VBMPX {150.65 USD}
  Assets:US:Vanguard:Cash                          -239.99 USD                

2015-01-19 * "Investing 60% of cash in RGAGX"
  Assets:US:Vanguard:RGAGX                           3.855 RGAGX {93.38 USD}
  Assets:US:Vanguard:Cash                          -359.98 USD               

2015-01-30 * "Employer match for contribution"
  Assets:US:Vanguard:Cash                           600.00 USD
  Income:US:Hoogle:Match401k                       -600.00 USD

2015-02-02 * "Investing 40% of cash in VBMPX"
  Assets:US:Vanguard:VBMPX                           3.206 VBMPX {149.72 USD}
  Assets:US:Vanguard:Cash                          -480.00 USD                

2015-02-02 * "Investing 60% of cash in RGAGX"
  Assets:US:Vanguard:RGAGX                           7.928 RGAGX {90.82 USD}
  Assets:US:Vanguard:Cash                          -720.02 USD               

2015-02-02 * "Investing 40% of cash in VBMPX"
  Assets:US:Vanguard:VBMPX                           1.603 VBMPX {149.72 USD}
  Assets:US:Vanguard:Cash                          -240.00 USD                

2015-02-02 * "Investing 60% of cash in RGAGX"
  Assets:US:Vanguard:RGAGX                           3.964 RGAGX {90.82 USD}
  Assets:US:Vanguard:Cash                          -360.01 USD               

2015-02-13 * "Employer match for contribution"
  Assets:US:Vanguard:Cash                           600.00 USD
  Income:US:Hoogle:Match401k                       -600.00 USD

2015-02-16 * "Investing 40% of cash in VBMPX"
  Assets:US:Vanguard:VBMPX                           3.217 VBMPX {149.22 USD}
  Assets:US:Vanguard:Cash                          -480.04 USD                

2015-02-16 * "Investing 60% of cash in RGAGX"
  Assets:US:Vanguard:RGAGX                           7.970 RGAGX {90.34 USD}
  Assets:US:Vanguard:Cash                          -720.01 USD               

2015-02-16 * "Investing 40% of cash in VBMPX"
  Assets:US:Vanguard:VBMPX                           1.608 VBMPX {149.22 USD}
  Assets:US:Vanguard:Cash                          -239.95 USD                

2015-02-16 * "Investing 60% of cash in RGAGX"
  Assets:US:Vanguard:RGAGX                           3.985 RGAGX {90.34 USD}
  Assets:US:Vanguard:Cash                          -360.00 USD               

2015-02-27 * "Employer match for contribution"
  Assets:US:Vanguard:Cash                           600.00 USD
  Income:US:Hoogle:Match401k                       -600.00 USD

2015-03-02 * "Investing 40% of cash in VBMPX"
  Assets:US:Vanguard:VBMPX                           3.173 VBMPX {151.29 USD}
  Assets:US:Vanguard:Cash                          -480.04 USD                

2015-03-02 * "Investing 60% of cash in RGAGX"
  Assets:US:Vanguard:RGAGX                           8.240 RGAGX {87.38 USD}
  Assets:US:Vanguard:Cash                          -720.01 USD               

2015-03-02 * "Investing 40% of cash in VBMPX"
  Assets:US:Vanguard:VBMPX                           1.586 VBMPX {151.29 USD}
  Assets:US:Vanguard:Cash                          -239.95 USD                

2015-03-02 * "Investing 60% of cash in RGAGX"
  Assets:US:Vanguard:RGAGX                           4.120 RGAGX {87.38 USD}
  Assets:US:Vanguard:Cash                          -360.01 USD               

2015-03-13 * "Employer match for contribution"
  Assets:US:Vanguard:Cash                           600.00 USD
  Income:US:Hoogle:Match401k                       -600.00 USD

2015-03-16 * "Investing 40% of cash in VBMPX"
  Assets:US:Vanguard:VBMPX                           3.156 VBMPX {152.10 USD}
  Assets:US:Vanguard:Cash                          -480.03 USD                

2015-03-16 * "Investing 60% of cash in RGAGX"
  Assets:US:Vanguard:RGAGX                           8.479 RGAGX {84.92 USD}
  Assets:US:Vanguard:Cash                          -720.04 USD               

2015-03-16 * "Investing 40% of cash in VBMPX"
  Assets:US:Vanguard:VBMPX                           1.578 VBMPX {152.10 USD}
  Assets:US:Vanguard:Cash                          -240.01 USD                

2015-03-16 * "Investing 60% of cash in RGAGX"
  Assets:US:Vanguard:RGAGX                           4.239 RGAGX {84.92 USD}
  Assets:US:Vanguard:Cash                          -359.98 USD               

2015-03-27 * "Employer match for contribution"
  Assets:US:Vanguard:Cash                           600.00 USD
  Income:US:Hoogle:Match401k                       -600.00 USD

2015-03-30 * "Investing 40% of cash in VBMPX"
  Assets:US:Vanguard:VBMPX                           3.114 VBMPX {154.14 USD}
  Assets:US:Vanguard:Cash                          -479.99 USD                

2015-03-30 * "Investing 60% of cash in RGAGX"
  Assets:US:Vanguard:RGAGX                           8.607 RGAGX {83.65 USD}
  Assets:US:Vanguard:Cash                          -719.98 USD               

2015-03-30 * "Investing 40% of cash in VBMPX"
  Assets:US:Vanguard:VBMPX                           1.557 VBMPX {154.14 USD}
  Assets:US:Vanguard:Cash                          -240.00 USD                

2015-03-30 * "Investing 60% of cash in RGAGX"
  Assets:US:Vanguard:RGAGX                           4.304 RGAGX {83.65 USD}
  Assets:US:Vanguard:Cash                          -360.03 USD               

2015-04-10 * "Employer match for contribution"
  Assets:US:Vanguard:Cash                           600.00 USD
  Income:US:Hoogle:Match401k                       -600.00 USD

2015-04-13 * "Investing 40% of cash in VBMPX"
  Assets:US:Vanguard:VBMPX                           3.116 VBMPX {154.02 USD}
  Assets:US:Vanguard:Cash                          -479.93 USD                

2015-04-13 * "Investing 60% of cash in RGAGX"
  Assets:US:Vanguard:RGAGX                           8.339 RGAGX {86.34 USD}
  Assets:US:Vanguard:Cash                          -719.99 USD               

2015-04-13 * "Investing 40% of cash in VBMPX"
  Assets:US:Vanguard:VBMPX                           1.558 VBMPX {154.02 USD}
  Assets:US:Vanguard:Cash                          -239.96 USD                

2015-04-13 * "Investing 60% of cash in RGAGX"
  Assets:US:Vanguard:RGAGX                           4.170 RGAGX {86.34 USD}
  Assets:US:Vanguard:Cash                          -360.04 USD               

2015-04-24 * "Employer match for contribution"
  Assets:US:Vanguard:Cash                           600.00 USD
  Income:US:Hoogle:Match401k                       -600.00 USD

2015-04-27 * "Investing 40% of cash in VBMPX"
  Assets:US:Vanguard:VBMPX                           3.118 VBMPX {153.97 USD}
  Assets:US:Vanguard:Cash                          -480.08 USD                

2015-04-27 * "Investing 60% of cash in RGAGX"
  Assets:US:Vanguard:RGAGX                           8.185 RGAGX {87.97 USD}
  Assets:US:Vanguard:Cash                          -720.03 USD               

2015-04-27 * "Investing 40% of cash in VBMPX"
  Assets:US:Vanguard:VBMPX                           1.559 VBMPX {153.97 USD}
  Assets:US:Vanguard:Cash                          -240.04 USD                

2015-04-27 * "Investing 60% of cash in RGAGX"
  Assets:US:Vanguard:RGAGX                           4.092 RGAGX {87.97 USD}
  Assets:US:Vanguard:Cash                          -359.97 USD               

2015-05-08 * "Employer match for contribution"
  Assets:US:Vanguard:Cash                           600.00 USD
  Income:US:Hoogle:Match401k                       -600.00 USD

2015-05-11 * "Investing 40% of cash in VBMPX"
  Assets:US:Vanguard:VBMPX                           3.120 VBMPX {153.82 USD}
  Assets:US:Vanguard:Cash                          -479.92 USD                

2015-05-11 * "Investing 60% of cash in RGAGX"
  Assets:US:Vanguard:RGAGX                           8.057 RGAGX {89.36 USD}
  Assets:US:Vanguard:Cash                          -719.97 USD               

2015-05-11 * "Investing 40% of cash in VBMPX"
  Assets:US:Vanguard:VBMPX                           1.560 VBMPX {153.82 USD}
  Assets:US:Vanguard:Cash                          -239.96 USD                

2015-05-11 * "Investing 60% of cash in RGAGX"
  Assets:US:Vanguard:RGAGX                           4.029 RGAGX {89.36 USD}
  Assets:US:Vanguard:Cash                          -360.03 USD               

2015-05-22 * "Employer match for contribution"
  Assets:US:Vanguard:Cash                           600.00 USD
  Income:US:Hoogle:Match401k                       -600.00 USD

2015-05-25 * "Investing 40% of cash in VBMPX"
  Assets:US:Vanguard:VBMPX                           3.152 VBMPX {152.29 USD}
  Assets:US:Vanguard:Cash                          -480.02 USD                

2015-05-25 * "Investing 60% of cash in RGAGX"
  Assets:US:Vanguard:RGAGX                           7.858 RGAGX {91.63 USD}
  Assets:US:Vanguard:Cash                          -720.03 USD               

2015-05-25 * "Investing 40% of cash in VBMPX"
  Assets:US:Vanguard:VBMPX                           1.576 VBMPX {152.29 USD}
  Assets:US:Vanguard:Cash                          -240.01 USD                

2015-05-25 * "Investing 60% of cash in RGAGX"
  Assets:US:Vanguard:RGAGX                           3.929 RGAGX {91.63 USD}
  Assets:US:Vanguard:Cash                          -360.01 USD               

2015-06-05 * "Employer match for contribution"
  Assets:US:Vanguard:Cash                           600.00 USD
  Income:US:Hoogle:Match401k                       -600.00 USD

2015-06-08 * "Investing 40% of cash in VBMPX"
  Assets:US:Vanguard:VBMPX                           3.137 VBMPX {153.03 USD}
  Assets:US:Vanguard:Cash                          -480.06 USD                

2015-06-08 * "Investing 60% of cash in RGAGX"
  Assets:US:Vanguard:RGAGX                           7.920 RGAGX {90.91 USD}
  Assets:US:Vanguard:Cash                          -720.01 USD               

2015-06-08 * "Investing 40% of cash in VBMPX"
  Assets:US:Vanguard:VBMPX                           1.568 VBMPX {153.03 USD}
  Assets:US:Vanguard:Cash                          -239.95 USD                

2015-06-08 * "Investing 60% of cash in RGAGX"
  Assets:US:Vanguard:RGAGX                           3.959 RGAGX {90.91 USD}
  Assets:US:Vanguard:Cash                          -359.91 USD               

2015-06-19 * "Employer match for contribution"
  Assets:US:Vanguard:Cash                           600.00 USD
  Income:US:Hoogle:Match401k                       -600.00 USD

2015-06-22 * "Investing 40% of cash in VBMPX"
  Assets:US:Vanguard:VBMPX                           3.119 VBMPX {153.92 USD}
  Assets:US:Vanguard:Cash                          -480.08 USD                

2015-06-22 * "Investing 60% of cash in RGAGX"
  Assets:US:Vanguard:RGAGX                           8.331 RGAGX {86.43 USD}
  Assets:US:Vanguard:Cash                          -720.05 USD               

2015-06-22 * "Investing 40% of cash in VBMPX"
  Assets:US:Vanguard:VBMPX                           1.559 VBMPX {153.92 USD}
  Assets:US:Vanguard:Cash                          -239.96 USD                

2015-06-22 * "Investing 60% of cash in RGAGX"
  Assets:US:Vanguard:RGAGX                           4.165 RGAGX {86.43 USD}
  Assets:US:Vanguard:Cash                          -359.98 USD               

2015-07-03 * "Employer match for contribution"
  Assets:US:Vanguard:Cash                           600.00 USD
  Income:US:Hoogle:Match401k                       -600.00 USD

2015-07-06 * "Investing 40% of cash in VBMPX"
  Assets:US:Vanguard:VBMPX                           3.119 VBMPX {153.87 USD}
  Assets:US:Vanguard:Cash                          -479.92 USD                

2015-07-06 * "Investing 60% of cash in RGAGX"
  Assets:US:Vanguard:RGAGX                           8.522 RGAGX {84.48 USD}
  Assets:US:Vanguard:Cash                          -719.94 USD               

2015-07-06 * "Investing 40% of cash in VBMPX"
  Assets:US:Vanguard:VBMPX                           1.560 VBMPX {153.87 USD}
  Assets:US:Vanguard:Cash                          -240.04 USD                

2015-07-06 * "Investing 60% of cash in RGAGX"
  Assets:US:Vanguard:RGAGX                           4.262 RGAGX {84.48 USD}
  Assets:US:Vanguard:Cash                          -360.05 USD               

2015-07-17 * "Employer match for contribution"
  Assets:US:Vanguard:Cash                           600.00 USD
  Income:US:Hoogle:Match401k                       -600.00 USD

2015-07-20 * "Investing 40% of cash in VBMPX"
  Assets:US:Vanguard:VBMPX                           3.134 VBMPX {153.14 USD}
  Assets:US:Vanguard:Cash                          -479.94 USD                

2015-07-20 * "Investing 60% of cash in RGAGX"
  Assets:US:Vanguard:RGAGX                           8.523 RGAGX {84.48 USD}
  Assets:US:Vanguard:Cash                          -720.02 USD               

2015-07-20 * "Investing 40% of cash in VBMPX"
  Assets:US:Vanguard:VBMPX                           1.567 VBMPX {153.14 USD}
  Assets:US:Vanguard:Cash                          -239.97 USD                

2015-07-20 * "Investing 60% of cash in RGAGX"
  Assets:US:Vanguard:RGAGX                           4.262 RGAGX {84.48 USD}
  Assets:US:Vanguard:Cash                          -360.05 USD               



* Sources of Income

2013-01-01 open Income:US:Hoogle:Salary                      USD
2013-01-01 open Income:US:Hoogle:GroupTermLife               USD
2013-01-01 open Income:US:Hoogle:Vacation                    VACHR
2013-01-01 open Assets:US:Hoogle:Vacation                    VACHR
2013-01-01 open Expenses:Vacation                               VACHR
2013-01-01 open Expenses:Health:Life:GroupTermLife
2013-01-01 open Expenses:Health:Medical:Insurance
2013-01-01 open Expenses:Health:Dental:Insurance
2013-01-01 open Expenses:Health:Vision:Insurance

2013-01-01 event "employer" "Hoogle, 1600 Amphibious Parkway, River View, CA"

2013-01-03 * "Hoogle" | "Payroll"
  Assets:US:BofA:Checking                          1350.60 USD   
  Assets:US:Vanguard:Cash                          1200.00 USD   
  Assets:US:Federal:PreTax401k                    -1200.00 IRAUSD
  Expenses:Taxes:Y2013:US:Federal:PreTax401k       1200.00 IRAUSD
  Income:US:Hoogle:Salary                         -4615.38 USD   
  Income:US:Hoogle:GroupTermLife                    -24.32 USD   
  Expenses:Health:Life:GroupTermLife                 24.32 USD   
  Expenses:Health:Dental:Insurance                    2.90 USD   
  Expenses:Health:Medical:Insurance                  27.38 USD   
  Expenses:Health:Vision:Insurance                   42.30 USD   
  Expenses:Taxes:Y2013:US:Medicare                  106.62 USD   
  Expenses:Taxes:Y2013:US:Federal                  1062.92 USD   
  Expenses:Taxes:Y2013:US:State                     365.08 USD   
  Expenses:Taxes:Y2013:US:CityNYC                   174.92 USD   
  Expenses:Taxes:Y2013:US:SDI                         1.12 USD   
  Expenses:Taxes:Y2013:US:SocSec                    281.54 USD   
  Assets:US:Hoogle:Vacation                              5 VACHR 
  Income:US:Hoogle:Vacation                             -5 VACHR 

2013-01-17 * "Hoogle" | "Payroll"
  Assets:US:BofA:Checking                          1350.60 USD   
  Assets:US:Vanguard:Cash                          1200.00 USD   
  Assets:US:Federal:PreTax401k                    -1200.00 IRAUSD
  Expenses:Taxes:Y2013:US:Federal:PreTax401k       1200.00 IRAUSD
  Income:US:Hoogle:Salary                         -4615.38 USD   
  Income:US:Hoogle:GroupTermLife                    -24.32 USD   
  Expenses:Health:Life:GroupTermLife                 24.32 USD   
  Expenses:Health:Dental:Insurance                    2.90 USD   
  Expenses:Health:Medical:Insurance                  27.38 USD   
  Expenses:Health:Vision:Insurance                   42.30 USD   
  Expenses:Taxes:Y2013:US:Medicare                  106.62 USD   
  Expenses:Taxes:Y2013:US:Federal                  1062.92 USD   
  Expenses:Taxes:Y2013:US:State                     365.08 USD   
  Expenses:Taxes:Y2013:US:CityNYC                   174.92 USD   
  Expenses:Taxes:Y2013:US:SDI                         1.12 USD   
  Expenses:Taxes:Y2013:US:SocSec                    281.54 USD   
  Assets:US:Hoogle:Vacation                              5 VACHR 
  Income:US:Hoogle:Vacation                             -5 VACHR 

2013-01-31 * "Hoogle" | "Payroll"
  Assets:US:BofA:Checking                          1350.60 USD   
  Assets:US:Vanguard:Cash                          1200.00 USD   
  Assets:US:Federal:PreTax401k                    -1200.00 IRAUSD
  Expenses:Taxes:Y2013:US:Federal:PreTax401k       1200.00 IRAUSD
  Income:US:Hoogle:Salary                         -4615.38 USD   
  Income:US:Hoogle:GroupTermLife                    -24.32 USD   
  Expenses:Health:Life:GroupTermLife                 24.32 USD   
  Expenses:Health:Dental:Insurance                    2.90 USD   
  Expenses:Health:Medical:Insurance                  27.38 USD   
  Expenses:Health:Vision:Insurance                   42.30 USD   
  Expenses:Taxes:Y2013:US:Medicare                  106.62 USD   
  Expenses:Taxes:Y2013:US:Federal                  1062.92 USD   
  Expenses:Taxes:Y2013:US:State                     365.08 USD   
  Expenses:Taxes:Y2013:US:CityNYC                   174.92 USD   
  Expenses:Taxes:Y2013:US:SDI                         1.12 USD   
  Expenses:Taxes:Y2013:US:SocSec                    281.54 USD   
  Assets:US:Hoogle:Vacation                              5 VACHR 
  Income:US:Hoogle:Vacation                             -5 VACHR 

2013-02-14 * "Hoogle" | "Payroll"
  Assets:US:BofA:Checking                          1350.60 USD   
  Assets:US:Vanguard:Cash                          1200.00 USD   
  Assets:US:Federal:PreTax401k                    -1200.00 IRAUSD
  Expenses:Taxes:Y2013:US:Federal:PreTax401k       1200.00 IRAUSD
  Income:US:Hoogle:Salary                         -4615.38 USD   
  Income:US:Hoogle:GroupTermLife                    -24.32 USD   
  Expenses:Health:Life:GroupTermLife                 24.32 USD   
  Expenses:Health:Dental:Insurance                    2.90 USD   
  Expenses:Health:Medical:Insurance                  27.38 USD   
  Expenses:Health:Vision:Insurance                   42.30 USD   
  Expenses:Taxes:Y2013:US:Medicare                  106.62 USD   
  Expenses:Taxes:Y2013:US:Federal                  1062.92 USD   
  Expenses:Taxes:Y2013:US:State                     365.08 USD   
  Expenses:Taxes:Y2013:US:CityNYC                   174.92 USD   
  Expenses:Taxes:Y2013:US:SDI                         1.12 USD   
  Expenses:Taxes:Y2013:US:SocSec                    281.54 USD   
  Assets:US:Hoogle:Vacation                              5 VACHR 
  Income:US:Hoogle:Vacation                             -5 VACHR 

2013-02-28 * "Hoogle" | "Payroll"
  Assets:US:BofA:Checking                          1350.60 USD   
  Assets:US:Vanguard:Cash                          1200.00 USD   
  Assets:US:Federal:PreTax401k                    -1200.00 IRAUSD
  Expenses:Taxes:Y2013:US:Federal:PreTax401k       1200.00 IRAUSD
  Income:US:Hoogle:Salary                         -4615.38 USD   
  Income:US:Hoogle:GroupTermLife                    -24.32 USD   
  Expenses:Health:Life:GroupTermLife                 24.32 USD   
  Expenses:Health:Dental:Insurance                    2.90 USD   
  Expenses:Health:Medical:Insurance                  27.38 USD   
  Expenses:Health:Vision:Insurance                   42.30 USD   
  Expenses:Taxes:Y2013:US:Medicare                  106.62 USD   
  Expenses:Taxes:Y2013:US:Federal                  1062.92 USD   
  Expenses:Taxes:Y2013:US:State                     365.08 USD   
  Expenses:Taxes:Y2013:US:CityNYC                   174.92 USD   
  Expenses:Taxes:Y2013:US:SDI                         1.12 USD   
  Expenses:Taxes:Y2013:US:SocSec                    281.54 USD   
  Assets:US:Hoogle:Vacation                              5 VACHR 
  Income:US:Hoogle:Vacation                             -5 VACHR 

2013-03-14 * "Hoogle" | "Payroll"
  Assets:US:BofA:Checking                          1350.60 USD   
  Assets:US:Vanguard:Cash                          1200.00 USD   
  Assets:US:Federal:PreTax401k                    -1200.00 IRAUSD
  Expenses:Taxes:Y2013:US:Federal:PreTax401k       1200.00 IRAUSD
  Income:US:Hoogle:Salary                         -4615.38 USD   
  Income:US:Hoogle:GroupTermLife                    -24.32 USD   
  Expenses:Health:Life:GroupTermLife                 24.32 USD   
  Expenses:Health:Dental:Insurance                    2.90 USD   
  Expenses:Health:Medical:Insurance                  27.38 USD   
  Expenses:Health:Vision:Insurance                   42.30 USD   
  Expenses:Taxes:Y2013:US:Medicare                  106.62 USD   
  Expenses:Taxes:Y2013:US:Federal                  1062.92 USD   
  Expenses:Taxes:Y2013:US:State                     365.08 USD   
  Expenses:Taxes:Y2013:US:CityNYC                   174.92 USD   
  Expenses:Taxes:Y2013:US:SDI                         1.12 USD   
  Expenses:Taxes:Y2013:US:SocSec                    281.54 USD   
  Assets:US:Hoogle:Vacation                              5 VACHR 
  Income:US:Hoogle:Vacation                             -5 VACHR 

2013-03-28 * "Hoogle" | "Payroll"
  Assets:US:BofA:Checking                          1350.60 USD   
  Assets:US:Vanguard:Cash                          1200.00 USD   
  Assets:US:Federal:PreTax401k                    -1200.00 IRAUSD
  Expenses:Taxes:Y2013:US:Federal:PreTax401k       1200.00 IRAUSD
  Income:US:Hoogle:Salary                         -4615.38 USD   
  Income:US:Hoogle:GroupTermLife                    -24.32 USD   
  Expenses:Health:Life:GroupTermLife                 24.32 USD   
  Expenses:Health:Dental:Insurance                    2.90 USD   
  Expenses:Health:Medical:Insurance                  27.38 USD   
  Expenses:Health:Vision:Insurance                   42.30 USD   
  Expenses:Taxes:Y2013:US:Medicare                  106.62 USD   
  Expenses:Taxes:Y2013:US:Federal                  1062.92 USD   
  Expenses:Taxes:Y2013:US:State                     365.08 USD   
  Expenses:Taxes:Y2013:US:CityNYC                   174.92 USD   
  Expenses:Taxes:Y2013:US:SDI                         1.12 USD   
  Expenses:Taxes:Y2013:US:SocSec                    281.54 USD   
  Assets:US:Hoogle:Vacation                              5 VACHR 
  Income:US:Hoogle:Vacation                             -5 VACHR 

2013-04-11 * "Hoogle" | "Payroll"
  Assets:US:BofA:Checking                          1350.60 USD   
  Assets:US:Vanguard:Cash                          1200.00 USD   
  Assets:US:Federal:PreTax401k                    -1200.00 IRAUSD
  Expenses:Taxes:Y2013:US:Federal:PreTax401k       1200.00 IRAUSD
  Income:US:Hoogle:Salary                         -4615.38 USD   
  Income:US:Hoogle:GroupTermLife                    -24.32 USD   
  Expenses:Health:Life:GroupTermLife                 24.32 USD   
  Expenses:Health:Dental:Insurance                    2.90 USD   
  Expenses:Health:Medical:Insurance                  27.38 USD   
  Expenses:Health:Vision:Insurance                   42.30 USD   
  Expenses:Taxes:Y2013:US:Medicare                  106.62 USD   
  Expenses:Taxes:Y2013:US:Federal                  1062.92 USD   
  Expenses:Taxes:Y2013:US:State                     365.08 USD   
  Expenses:Taxes:Y2013:US:CityNYC                   174.92 USD   
  Expenses:Taxes:Y2013:US:SDI                         1.12 USD   
  Expenses:Taxes:Y2013:US:SocSec                    281.54 USD   
  Assets:US:Hoogle:Vacation                              5 VACHR 
  Income:US:Hoogle:Vacation                             -5 VACHR 

2013-04-25 * "Hoogle" | "Payroll"
  Assets:US:BofA:Checking                          1350.60 USD   
  Assets:US:Vanguard:Cash                          1200.00 USD   
  Assets:US:Federal:PreTax401k                    -1200.00 IRAUSD
  Expenses:Taxes:Y2013:US:Federal:PreTax401k       1200.00 IRAUSD
  Income:US:Hoogle:Salary                         -4615.38 USD   
  Income:US:Hoogle:GroupTermLife                    -24.32 USD   
  Expenses:Health:Life:GroupTermLife                 24.32 USD   
  Expenses:Health:Dental:Insurance                    2.90 USD   
  Expenses:Health:Medical:Insurance                  27.38 USD   
  Expenses:Health:Vision:Insurance                   42.30 USD   
  Expenses:Taxes:Y2013:US:Medicare                  106.62 USD   
  Expenses:Taxes:Y2013:US:Federal                  1062.92 USD   
  Expenses:Taxes:Y2013:US:State                     365.08 USD   
  Expenses:Taxes:Y2013:US:CityNYC                   174.92 USD   
  Expenses:Taxes:Y2013:US:SDI                         1.12 USD   
  Expenses:Taxes:Y2013:US:SocSec                    281.54 USD   
  Assets:US:Hoogle:Vacation                              5 VACHR 
  Income:US:Hoogle:Vacation                             -5 VACHR 

2013-05-09 * "Hoogle" | "Payroll"
  Assets:US:BofA:Checking                          1350.60 USD   
  Assets:US:Vanguard:Cash                          1200.00 USD   
  Assets:US:Federal:PreTax401k                    -1200.00 IRAUSD
  Expenses:Taxes:Y2013:US:Federal:PreTax401k       1200.00 IRAUSD
  Income:US:Hoogle:Salary                         -4615.38 USD   
  Income:US:Hoogle:GroupTermLife                    -24.32 USD   
  Expenses:Health:Life:GroupTermLife                 24.32 USD   
  Expenses:Health:Dental:Insurance                    2.90 USD   
  Expenses:Health:Medical:Insurance                  27.38 USD   
  Expenses:Health:Vision:Insurance                   42.30 USD   
  Expenses:Taxes:Y2013:US:Medicare                  106.62 USD   
  Expenses:Taxes:Y2013:US:Federal                  1062.92 USD   
  Expenses:Taxes:Y2013:US:State                     365.08 USD   
  Expenses:Taxes:Y2013:US:CityNYC                   174.92 USD   
  Expenses:Taxes:Y2013:US:SDI                         1.12 USD   
  Expenses:Taxes:Y2013:US:SocSec                    281.54 USD   
  Assets:US:Hoogle:Vacation                              5 VACHR 
  Income:US:Hoogle:Vacation                             -5 VACHR 

2013-05-23 * "Hoogle" | "Payroll"
  Assets:US:BofA:Checking                          1350.60 USD   
  Assets:US:Vanguard:Cash                          1200.00 USD   
  Assets:US:Federal:PreTax401k                    -1200.00 IRAUSD
  Expenses:Taxes:Y2013:US:Federal:PreTax401k       1200.00 IRAUSD
  Income:US:Hoogle:Salary                         -4615.38 USD   
  Income:US:Hoogle:GroupTermLife                    -24.32 USD   
  Expenses:Health:Life:GroupTermLife                 24.32 USD   
  Expenses:Health:Dental:Insurance                    2.90 USD   
  Expenses:Health:Medical:Insurance                  27.38 USD   
  Expenses:Health:Vision:Insurance                   42.30 USD   
  Expenses:Taxes:Y2013:US:Medicare                  106.62 USD   
  Expenses:Taxes:Y2013:US:Federal                  1062.92 USD   
  Expenses:Taxes:Y2013:US:State                     365.08 USD   
  Expenses:Taxes:Y2013:US:CityNYC                   174.92 USD   
  Expenses:Taxes:Y2013:US:SDI                         1.12 USD   
  Expenses:Taxes:Y2013:US:SocSec                    281.54 USD   
  Assets:US:Hoogle:Vacation                              5 VACHR 
  Income:US:Hoogle:Vacation                             -5 VACHR 

2013-06-06 * "Hoogle" | "Payroll"
  Assets:US:BofA:Checking                          1350.60 USD   
  Assets:US:Vanguard:Cash                          1200.00 USD   
  Assets:US:Federal:PreTax401k                    -1200.00 IRAUSD
  Expenses:Taxes:Y2013:US:Federal:PreTax401k       1200.00 IRAUSD
  Income:US:Hoogle:Salary                         -4615.38 USD   
  Income:US:Hoogle:GroupTermLife                    -24.32 USD   
  Expenses:Health:Life:GroupTermLife                 24.32 USD   
  Expenses:Health:Dental:Insurance                    2.90 USD   
  Expenses:Health:Medical:Insurance                  27.38 USD   
  Expenses:Health:Vision:Insurance                   42.30 USD   
  Expenses:Taxes:Y2013:US:Medicare                  106.62 USD   
  Expenses:Taxes:Y2013:US:Federal                  1062.92 USD   
  Expenses:Taxes:Y2013:US:State                     365.08 USD   
  Expenses:Taxes:Y2013:US:CityNYC                   174.92 USD   
  Expenses:Taxes:Y2013:US:SDI                         1.12 USD   
  Expenses:Taxes:Y2013:US:SocSec                    281.54 USD   
  Assets:US:Hoogle:Vacation                              5 VACHR 
  Income:US:Hoogle:Vacation                             -5 VACHR 

2013-06-20 * "Hoogle" | "Payroll"
  Assets:US:BofA:Checking                          1350.60 USD   
  Assets:US:Vanguard:Cash                          1200.00 USD   
  Assets:US:Federal:PreTax401k                    -1200.00 IRAUSD
  Expenses:Taxes:Y2013:US:Federal:PreTax401k       1200.00 IRAUSD
  Income:US:Hoogle:Salary                         -4615.38 USD   
  Income:US:Hoogle:GroupTermLife                    -24.32 USD   
  Expenses:Health:Life:GroupTermLife                 24.32 USD   
  Expenses:Health:Dental:Insurance                    2.90 USD   
  Expenses:Health:Medical:Insurance                  27.38 USD   
  Expenses:Health:Vision:Insurance                   42.30 USD   
  Expenses:Taxes:Y2013:US:Medicare                  106.62 USD   
  Expenses:Taxes:Y2013:US:Federal                  1062.92 USD   
  Expenses:Taxes:Y2013:US:State                     365.08 USD   
  Expenses:Taxes:Y2013:US:CityNYC                   174.92 USD   
  Expenses:Taxes:Y2013:US:SDI                         1.12 USD   
  Expenses:Taxes:Y2013:US:SocSec                    281.54 USD   
  Assets:US:Hoogle:Vacation                              5 VACHR 
  Income:US:Hoogle:Vacation                             -5 VACHR 

2013-07-04 * "Hoogle" | "Payroll"
  Assets:US:BofA:Checking                          1350.60 USD   
  Assets:US:Vanguard:Cash                          1200.00 USD   
  Assets:US:Federal:PreTax401k                    -1200.00 IRAUSD
  Expenses:Taxes:Y2013:US:Federal:PreTax401k       1200.00 IRAUSD
  Income:US:Hoogle:Salary                         -4615.38 USD   
  Income:US:Hoogle:GroupTermLife                    -24.32 USD   
  Expenses:Health:Life:GroupTermLife                 24.32 USD   
  Expenses:Health:Dental:Insurance                    2.90 USD   
  Expenses:Health:Medical:Insurance                  27.38 USD   
  Expenses:Health:Vision:Insurance                   42.30 USD   
  Expenses:Taxes:Y2013:US:Medicare                  106.62 USD   
  Expenses:Taxes:Y2013:US:Federal                  1062.92 USD   
  Expenses:Taxes:Y2013:US:State                     365.08 USD   
  Expenses:Taxes:Y2013:US:CityNYC                   174.92 USD   
  Expenses:Taxes:Y2013:US:SDI                         1.12 USD   
  Expenses:Taxes:Y2013:US:SocSec                    281.54 USD   
  Assets:US:Hoogle:Vacation                              5 VACHR 
  Income:US:Hoogle:Vacation                             -5 VACHR 

2013-07-18 * "Hoogle" | "Payroll"
  Assets:US:BofA:Checking                          1850.60 USD   
  Assets:US:Vanguard:Cash                           700.00 USD   
  Assets:US:Federal:PreTax401k                     -700.00 IRAUSD
  Expenses:Taxes:Y2013:US:Federal:PreTax401k        700.00 IRAUSD
  Income:US:Hoogle:Salary                         -4615.38 USD   
  Income:US:Hoogle:GroupTermLife                    -24.32 USD   
  Expenses:Health:Life:GroupTermLife                 24.32 USD   
  Expenses:Health:Dental:Insurance                    2.90 USD   
  Expenses:Health:Medical:Insurance                  27.38 USD   
  Expenses:Health:Vision:Insurance                   42.30 USD   
  Expenses:Taxes:Y2013:US:Medicare                  106.62 USD   
  Expenses:Taxes:Y2013:US:Federal                  1062.92 USD   
  Expenses:Taxes:Y2013:US:State                     365.08 USD   
  Expenses:Taxes:Y2013:US:CityNYC                   174.92 USD   
  Expenses:Taxes:Y2013:US:SDI                         1.12 USD   
  Expenses:Taxes:Y2013:US:SocSec                    281.54 USD   
  Assets:US:Hoogle:Vacation                              5 VACHR 
  Income:US:Hoogle:Vacation                             -5 VACHR 

2013-08-01 * "Hoogle" | "Payroll"
  Assets:US:BofA:Checking                          2550.60 USD   
  Assets:US:Federal:PreTax401k                        0.00 IRAUSD
  Income:US:Hoogle:Salary                         -4615.38 USD   
  Income:US:Hoogle:GroupTermLife                    -24.32 USD   
  Expenses:Health:Life:GroupTermLife                 24.32 USD   
  Expenses:Health:Dental:Insurance                    2.90 USD   
  Expenses:Health:Medical:Insurance                  27.38 USD   
  Expenses:Health:Vision:Insurance                   42.30 USD   
  Expenses:Taxes:Y2013:US:Medicare                  106.62 USD   
  Expenses:Taxes:Y2013:US:Federal                  1062.92 USD   
  Expenses:Taxes:Y2013:US:State                     365.08 USD   
  Expenses:Taxes:Y2013:US:CityNYC                   174.92 USD   
  Expenses:Taxes:Y2013:US:SDI                         1.12 USD   
  Expenses:Taxes:Y2013:US:SocSec                    281.54 USD   
  Assets:US:Hoogle:Vacation                              5 VACHR 
  Income:US:Hoogle:Vacation                             -5 VACHR 

2013-08-15 * "Hoogle" | "Payroll"
  Assets:US:BofA:Checking                          2550.60 USD   
  Assets:US:Federal:PreTax401k                        0.00 IRAUSD
  Income:US:Hoogle:Salary                         -4615.38 USD   
  Income:US:Hoogle:GroupTermLife                    -24.32 USD   
  Expenses:Health:Life:GroupTermLife                 24.32 USD   
  Expenses:Health:Dental:Insurance                    2.90 USD   
  Expenses:Health:Medical:Insurance                  27.38 USD   
  Expenses:Health:Vision:Insurance                   42.30 USD   
  Expenses:Taxes:Y2013:US:Medicare                  106.62 USD   
  Expenses:Taxes:Y2013:US:Federal                  1062.92 USD   
  Expenses:Taxes:Y2013:US:State                     365.08 USD   
  Expenses:Taxes:Y2013:US:CityNYC                   174.92 USD   
  Expenses:Taxes:Y2013:US:SDI                         1.12 USD   
  Expenses:Taxes:Y2013:US:SocSec                    281.54 USD   
  Assets:US:Hoogle:Vacation                              5 VACHR 
  Income:US:Hoogle:Vacation                             -5 VACHR 

2013-08-29 * "Hoogle" | "Payroll"
  Assets:US:BofA:Checking                          2550.60 USD   
  Assets:US:Federal:PreTax401k                        0.00 IRAUSD
  Income:US:Hoogle:Salary                         -4615.38 USD   
  Income:US:Hoogle:GroupTermLife                    -24.32 USD   
  Expenses:Health:Life:GroupTermLife                 24.32 USD   
  Expenses:Health:Dental:Insurance                    2.90 USD   
  Expenses:Health:Medical:Insurance                  27.38 USD   
  Expenses:Health:Vision:Insurance                   42.30 USD   
  Expenses:Taxes:Y2013:US:Medicare                  106.62 USD   
  Expenses:Taxes:Y2013:US:Federal                  1062.92 USD   
  Expenses:Taxes:Y2013:US:State                     365.08 USD   
  Expenses:Taxes:Y2013:US:CityNYC                   174.92 USD   
  Expenses:Taxes:Y2013:US:SDI                         1.12 USD   
  Expenses:Taxes:Y2013:US:SocSec                    281.54 USD   
  Assets:US:Hoogle:Vacation                              5 VACHR 
  Income:US:Hoogle:Vacation                             -5 VACHR 

2013-09-12 * "Hoogle" | "Payroll"
  Assets:US:BofA:Checking                          2550.60 USD   
  Assets:US:Federal:PreTax401k                        0.00 IRAUSD
  Income:US:Hoogle:Salary                         -4615.38 USD   
  Income:US:Hoogle:GroupTermLife                    -24.32 USD   
  Expenses:Health:Life:GroupTermLife                 24.32 USD   
  Expenses:Health:Dental:Insurance                    2.90 USD   
  Expenses:Health:Medical:Insurance                  27.38 USD   
  Expenses:Health:Vision:Insurance                   42.30 USD   
  Expenses:Taxes:Y2013:US:Medicare                  106.62 USD   
  Expenses:Taxes:Y2013:US:Federal                  1062.92 USD   
  Expenses:Taxes:Y2013:US:State                     365.08 USD   
  Expenses:Taxes:Y2013:US:CityNYC                   174.92 USD   
  Expenses:Taxes:Y2013:US:SDI                         1.12 USD   
  Expenses:Taxes:Y2013:US:SocSec                    281.54 USD   
  Assets:US:Hoogle:Vacation                              5 VACHR 
  Income:US:Hoogle:Vacation                             -5 VACHR 

2013-09-26 * "Hoogle" | "Payroll"
  Assets:US:BofA:Checking                          2550.60 USD   
  Assets:US:Federal:PreTax401k                        0.00 IRAUSD
  Income:US:Hoogle:Salary                         -4615.38 USD   
  Income:US:Hoogle:GroupTermLife                    -24.32 USD   
  Expenses:Health:Life:GroupTermLife                 24.32 USD   
  Expenses:Health:Dental:Insurance                    2.90 USD   
  Expenses:Health:Medical:Insurance                  27.38 USD   
  Expenses:Health:Vision:Insurance                   42.30 USD   
  Expenses:Taxes:Y2013:US:Medicare                  106.62 USD   
  Expenses:Taxes:Y2013:US:Federal                  1062.92 USD   
  Expenses:Taxes:Y2013:US:State                     365.08 USD   
  Expenses:Taxes:Y2013:US:CityNYC                   174.92 USD   
  Expenses:Taxes:Y2013:US:SDI                         1.12 USD   
  Expenses:Taxes:Y2013:US:SocSec                    281.54 USD   
  Assets:US:Hoogle:Vacation                              5 VACHR 
  Income:US:Hoogle:Vacation                             -5 VACHR 

2013-10-10 * "Hoogle" | "Payroll"
  Assets:US:BofA:Checking                          2550.60 USD   
  Assets:US:Federal:PreTax401k                        0.00 IRAUSD
  Income:US:Hoogle:Salary                         -4615.38 USD   
  Income:US:Hoogle:GroupTermLife                    -24.32 USD   
  Expenses:Health:Life:GroupTermLife                 24.32 USD   
  Expenses:Health:Dental:Insurance                    2.90 USD   
  Expenses:Health:Medical:Insurance                  27.38 USD   
  Expenses:Health:Vision:Insurance                   42.30 USD   
  Expenses:Taxes:Y2013:US:Medicare                  106.62 USD   
  Expenses:Taxes:Y2013:US:Federal                  1062.92 USD   
  Expenses:Taxes:Y2013:US:State                     365.08 USD   
  Expenses:Taxes:Y2013:US:CityNYC                   174.92 USD   
  Expenses:Taxes:Y2013:US:SDI                         1.12 USD   
  Expenses:Taxes:Y2013:US:SocSec                    281.54 USD   
  Assets:US:Hoogle:Vacation                              5 VACHR 
  Income:US:Hoogle:Vacation                             -5 VACHR 

2013-10-24 * "Hoogle" | "Payroll"
  Assets:US:BofA:Checking                          2550.60 USD   
  Assets:US:Federal:PreTax401k                        0.00 IRAUSD
  Income:US:Hoogle:Salary                         -4615.38 USD   
  Income:US:Hoogle:GroupTermLife                    -24.32 USD   
  Expenses:Health:Life:GroupTermLife                 24.32 USD   
  Expenses:Health:Dental:Insurance                    2.90 USD   
  Expenses:Health:Medical:Insurance                  27.38 USD   
  Expenses:Health:Vision:Insurance                   42.30 USD   
  Expenses:Taxes:Y2013:US:Medicare                  106.62 USD   
  Expenses:Taxes:Y2013:US:Federal                  1062.92 USD   
  Expenses:Taxes:Y2013:US:State                     365.08 USD   
  Expenses:Taxes:Y2013:US:CityNYC                   174.92 USD   
  Expenses:Taxes:Y2013:US:SDI                         1.12 USD   
  Expenses:Taxes:Y2013:US:SocSec                    281.54 USD   
  Assets:US:Hoogle:Vacation                              5 VACHR 
  Income:US:Hoogle:Vacation                             -5 VACHR 

2013-11-07 * "Hoogle" | "Payroll"
  Assets:US:BofA:Checking                          2550.60 USD   
  Assets:US:Federal:PreTax401k                        0.00 IRAUSD
  Income:US:Hoogle:Salary                         -4615.38 USD   
  Income:US:Hoogle:GroupTermLife                    -24.32 USD   
  Expenses:Health:Life:GroupTermLife                 24.32 USD   
  Expenses:Health:Dental:Insurance                    2.90 USD   
  Expenses:Health:Medical:Insurance                  27.38 USD   
  Expenses:Health:Vision:Insurance                   42.30 USD   
  Expenses:Taxes:Y2013:US:Medicare                  106.62 USD   
  Expenses:Taxes:Y2013:US:Federal                  1062.92 USD   
  Expenses:Taxes:Y2013:US:State                     365.08 USD   
  Expenses:Taxes:Y2013:US:CityNYC                   174.92 USD   
  Expenses:Taxes:Y2013:US:SDI                         1.12 USD   
  Expenses:Taxes:Y2013:US:SocSec                    281.54 USD   
  Assets:US:Hoogle:Vacation                              5 VACHR 
  Income:US:Hoogle:Vacation                             -5 VACHR 

2013-11-21 * "Hoogle" | "Payroll"
  Assets:US:BofA:Checking                          2550.60 USD   
  Assets:US:Federal:PreTax401k                        0.00 IRAUSD
  Income:US:Hoogle:Salary                         -4615.38 USD   
  Income:US:Hoogle:GroupTermLife                    -24.32 USD   
  Expenses:Health:Life:GroupTermLife                 24.32 USD   
  Expenses:Health:Dental:Insurance                    2.90 USD   
  Expenses:Health:Medical:Insurance                  27.38 USD   
  Expenses:Health:Vision:Insurance                   42.30 USD   
  Expenses:Taxes:Y2013:US:Medicare                  106.62 USD   
  Expenses:Taxes:Y2013:US:Federal                  1062.92 USD   
  Expenses:Taxes:Y2013:US:State                     365.08 USD   
  Expenses:Taxes:Y2013:US:CityNYC                   174.92 USD   
  Expenses:Taxes:Y2013:US:SDI                         1.12 USD   
  Expenses:Taxes:Y2013:US:SocSec                    281.54 USD   
  Assets:US:Hoogle:Vacation                              5 VACHR 
  Income:US:Hoogle:Vacation                             -5 VACHR 

2013-12-05 * "Hoogle" | "Payroll"
  Assets:US:BofA:Checking                          2589.06 USD   
  Assets:US:Federal:PreTax401k                        0.00 IRAUSD
  Income:US:Hoogle:Salary                         -4615.38 USD   
  Income:US:Hoogle:GroupTermLife                    -24.32 USD   
  Expenses:Health:Life:GroupTermLife                 24.32 USD   
  Expenses:Health:Dental:Insurance                    2.90 USD   
  Expenses:Health:Medical:Insurance                  27.38 USD   
  Expenses:Health:Vision:Insurance                   42.30 USD   
  Expenses:Taxes:Y2013:US:Medicare                  106.62 USD   
  Expenses:Taxes:Y2013:US:Federal                  1062.92 USD   
  Expenses:Taxes:Y2013:US:State                     365.08 USD   
  Expenses:Taxes:Y2013:US:CityNYC                   174.92 USD   
  Expenses:Taxes:Y2013:US:SDI                         1.12 USD   
  Expenses:Taxes:Y2013:US:SocSec                    243.08 USD   
  Assets:US:Hoogle:Vacation                              5 VACHR 
  Income:US:Hoogle:Vacation                             -5 VACHR 

2013-12-19 * "Hoogle" | "Payroll"
  Assets:US:BofA:Checking                          2832.14 USD   
  Assets:US:Federal:PreTax401k                        0.00 IRAUSD
  Income:US:Hoogle:Salary                         -4615.38 USD   
  Income:US:Hoogle:GroupTermLife                    -24.32 USD   
  Expenses:Health:Life:GroupTermLife                 24.32 USD   
  Expenses:Health:Dental:Insurance                    2.90 USD   
  Expenses:Health:Medical:Insurance                  27.38 USD   
  Expenses:Health:Vision:Insurance                   42.30 USD   
  Expenses:Taxes:Y2013:US:Medicare                  106.62 USD   
  Expenses:Taxes:Y2013:US:Federal                  1062.92 USD   
  Expenses:Taxes:Y2013:US:State                     365.08 USD   
  Expenses:Taxes:Y2013:US:CityNYC                   174.92 USD   
  Expenses:Taxes:Y2013:US:SDI                         1.12 USD   
  Expenses:Taxes:Y2013:US:SocSec                      0.00 USD   
  Assets:US:Hoogle:Vacation                              5 VACHR 
  Income:US:Hoogle:Vacation                             -5 VACHR 

2014-01-02 * "Hoogle" | "Payroll"
  Assets:US:BofA:Checking                          1350.60 USD   
  Assets:US:Vanguard:Cash                          1200.00 USD   
  Assets:US:Federal:PreTax401k                    -1200.00 IRAUSD
  Expenses:Taxes:Y2014:US:Federal:PreTax401k       1200.00 IRAUSD
  Income:US:Hoogle:Salary                         -4615.38 USD   
  Income:US:Hoogle:GroupTermLife                    -24.32 USD   
  Expenses:Health:Life:GroupTermLife                 24.32 USD   
  Expenses:Health:Dental:Insurance                    2.90 USD   
  Expenses:Health:Medical:Insurance                  27.38 USD   
  Expenses:Health:Vision:Insurance                   42.30 USD   
  Expenses:Taxes:Y2014:US:Medicare                  106.62 USD   
  Expenses:Taxes:Y2014:US:Federal                  1062.92 USD   
  Expenses:Taxes:Y2014:US:State                     365.08 USD   
  Expenses:Taxes:Y2014:US:CityNYC                   174.92 USD   
  Expenses:Taxes:Y2014:US:SDI                         1.12 USD   
  Expenses:Taxes:Y2014:US:SocSec                    281.54 USD   
  Assets:US:Hoogle:Vacation                              5 VACHR 
  Income:US:Hoogle:Vacation                             -5 VACHR 

2014-01-16 * "Hoogle" | "Payroll"
  Assets:US:BofA:Checking                          1350.60 USD   
  Assets:US:Vanguard:Cash                          1200.00 USD   
  Assets:US:Federal:PreTax401k                    -1200.00 IRAUSD
  Expenses:Taxes:Y2014:US:Federal:PreTax401k       1200.00 IRAUSD
  Income:US:Hoogle:Salary                         -4615.38 USD   
  Income:US:Hoogle:GroupTermLife                    -24.32 USD   
  Expenses:Health:Life:GroupTermLife                 24.32 USD   
  Expenses:Health:Dental:Insurance                    2.90 USD   
  Expenses:Health:Medical:Insurance                  27.38 USD   
  Expenses:Health:Vision:Insurance                   42.30 USD   
  Expenses:Taxes:Y2014:US:Medicare                  106.62 USD   
  Expenses:Taxes:Y2014:US:Federal                  1062.92 USD   
  Expenses:Taxes:Y2014:US:State                     365.08 USD   
  Expenses:Taxes:Y2014:US:CityNYC                   174.92 USD   
  Expenses:Taxes:Y2014:US:SDI                         1.12 USD   
  Expenses:Taxes:Y2014:US:SocSec                    281.54 USD   
  Assets:US:Hoogle:Vacation                              5 VACHR 
  Income:US:Hoogle:Vacation                             -5 VACHR 

2014-01-30 * "Hoogle" | "Payroll"
  Assets:US:BofA:Checking                          1350.60 USD   
  Assets:US:Vanguard:Cash                          1200.00 USD   
  Assets:US:Federal:PreTax401k                    -1200.00 IRAUSD
  Expenses:Taxes:Y2014:US:Federal:PreTax401k       1200.00 IRAUSD
  Income:US:Hoogle:Salary                         -4615.38 USD   
  Income:US:Hoogle:GroupTermLife                    -24.32 USD   
  Expenses:Health:Life:GroupTermLife                 24.32 USD   
  Expenses:Health:Dental:Insurance                    2.90 USD   
  Expenses:Health:Medical:Insurance                  27.38 USD   
  Expenses:Health:Vision:Insurance                   42.30 USD   
  Expenses:Taxes:Y2014:US:Medicare                  106.62 USD   
  Expenses:Taxes:Y2014:US:Federal                  1062.92 USD   
  Expenses:Taxes:Y2014:US:State                     365.08 USD   
  Expenses:Taxes:Y2014:US:CityNYC                   174.92 USD   
  Expenses:Taxes:Y2014:US:SDI                         1.12 USD   
  Expenses:Taxes:Y2014:US:SocSec                    281.54 USD   
  Assets:US:Hoogle:Vacation                              5 VACHR 
  Income:US:Hoogle:Vacation                             -5 VACHR 

2014-02-13 * "Hoogle" | "Payroll"
  Assets:US:BofA:Checking                          1350.60 USD   
  Assets:US:Vanguard:Cash                          1200.00 USD   
  Assets:US:Federal:PreTax401k                    -1200.00 IRAUSD
  Expenses:Taxes:Y2014:US:Federal:PreTax401k       1200.00 IRAUSD
  Income:US:Hoogle:Salary                         -4615.38 USD   
  Income:US:Hoogle:GroupTermLife                    -24.32 USD   
  Expenses:Health:Life:GroupTermLife                 24.32 USD   
  Expenses:Health:Dental:Insurance                    2.90 USD   
  Expenses:Health:Medical:Insurance                  27.38 USD   
  Expenses:Health:Vision:Insurance                   42.30 USD   
  Expenses:Taxes:Y2014:US:Medicare                  106.62 USD   
  Expenses:Taxes:Y2014:US:Federal                  1062.92 USD   
  Expenses:Taxes:Y2014:US:State                     365.08 USD   
  Expenses:Taxes:Y2014:US:CityNYC                   174.92 USD   
  Expenses:Taxes:Y2014:US:SDI                         1.12 USD   
  Expenses:Taxes:Y2014:US:SocSec                    281.54 USD   
  Assets:US:Hoogle:Vacation                              5 VACHR 
  Income:US:Hoogle:Vacation                             -5 VACHR 

2014-02-27 * "Hoogle" | "Payroll"
  Assets:US:BofA:Checking                          1350.60 USD   
  Assets:US:Vanguard:Cash                          1200.00 USD   
  Assets:US:Federal:PreTax401k                    -1200.00 IRAUSD
  Expenses:Taxes:Y2014:US:Federal:PreTax401k       1200.00 IRAUSD
  Income:US:Hoogle:Salary                         -4615.38 USD   
  Income:US:Hoogle:GroupTermLife                    -24.32 USD   
  Expenses:Health:Life:GroupTermLife                 24.32 USD   
  Expenses:Health:Dental:Insurance                    2.90 USD   
  Expenses:Health:Medical:Insurance                  27.38 USD   
  Expenses:Health:Vision:Insurance                   42.30 USD   
  Expenses:Taxes:Y2014:US:Medicare                  106.62 USD   
  Expenses:Taxes:Y2014:US:Federal                  1062.92 USD   
  Expenses:Taxes:Y2014:US:State                     365.08 USD   
  Expenses:Taxes:Y2014:US:CityNYC                   174.92 USD   
  Expenses:Taxes:Y2014:US:SDI                         1.12 USD   
  Expenses:Taxes:Y2014:US:SocSec                    281.54 USD   
  Assets:US:Hoogle:Vacation                              5 VACHR 
  Income:US:Hoogle:Vacation                             -5 VACHR 

2014-03-13 * "Hoogle" | "Payroll"
  Assets:US:BofA:Checking                          1350.60 USD   
  Assets:US:Vanguard:Cash                          1200.00 USD   
  Assets:US:Federal:PreTax401k                    -1200.00 IRAUSD
  Expenses:Taxes:Y2014:US:Federal:PreTax401k       1200.00 IRAUSD
  Income:US:Hoogle:Salary                         -4615.38 USD   
  Income:US:Hoogle:GroupTermLife                    -24.32 USD   
  Expenses:Health:Life:GroupTermLife                 24.32 USD   
  Expenses:Health:Dental:Insurance                    2.90 USD   
  Expenses:Health:Medical:Insurance                  27.38 USD   
  Expenses:Health:Vision:Insurance                   42.30 USD   
  Expenses:Taxes:Y2014:US:Medicare                  106.62 USD   
  Expenses:Taxes:Y2014:US:Federal                  1062.92 USD   
  Expenses:Taxes:Y2014:US:State                     365.08 USD   
  Expenses:Taxes:Y2014:US:CityNYC                   174.92 USD   
  Expenses:Taxes:Y2014:US:SDI                         1.12 USD   
  Expenses:Taxes:Y2014:US:SocSec                    281.54 USD   
  Assets:US:Hoogle:Vacation                              5 VACHR 
  Income:US:Hoogle:Vacation                             -5 VACHR 

2014-03-27 * "Hoogle" | "Payroll"
  Assets:US:BofA:Checking                          1350.60 USD   
  Assets:US:Vanguard:Cash                          1200.00 USD   
  Assets:US:Federal:PreTax401k                    -1200.00 IRAUSD
  Expenses:Taxes:Y2014:US:Federal:PreTax401k       1200.00 IRAUSD
  Income:US:Hoogle:Salary                         -4615.38 USD   
  Income:US:Hoogle:GroupTermLife                    -24.32 USD   
  Expenses:Health:Life:GroupTermLife                 24.32 USD   
  Expenses:Health:Dental:Insurance                    2.90 USD   
  Expenses:Health:Medical:Insurance                  27.38 USD   
  Expenses:Health:Vision:Insurance                   42.30 USD   
  Expenses:Taxes:Y2014:US:Medicare                  106.62 USD   
  Expenses:Taxes:Y2014:US:Federal                  1062.92 USD   
  Expenses:Taxes:Y2014:US:State                     365.08 USD   
  Expenses:Taxes:Y2014:US:CityNYC                   174.92 USD   
  Expenses:Taxes:Y2014:US:SDI                         1.12 USD   
  Expenses:Taxes:Y2014:US:SocSec                    281.54 USD   
  Assets:US:Hoogle:Vacation                              5 VACHR 
  Income:US:Hoogle:Vacation                             -5 VACHR 

2014-04-10 * "Hoogle" | "Payroll"
  Assets:US:BofA:Checking                          1350.60 USD   
  Assets:US:Vanguard:Cash                          1200.00 USD   
  Assets:US:Federal:PreTax401k                    -1200.00 IRAUSD
  Expenses:Taxes:Y2014:US:Federal:PreTax401k       1200.00 IRAUSD
  Income:US:Hoogle:Salary                         -4615.38 USD   
  Income:US:Hoogle:GroupTermLife                    -24.32 USD   
  Expenses:Health:Life:GroupTermLife                 24.32 USD   
  Expenses:Health:Dental:Insurance                    2.90 USD   
  Expenses:Health:Medical:Insurance                  27.38 USD   
  Expenses:Health:Vision:Insurance                   42.30 USD   
  Expenses:Taxes:Y2014:US:Medicare                  106.62 USD   
  Expenses:Taxes:Y2014:US:Federal                  1062.92 USD   
  Expenses:Taxes:Y2014:US:State                     365.08 USD   
  Expenses:Taxes:Y2014:US:CityNYC                   174.92 USD   
  Expenses:Taxes:Y2014:US:SDI                         1.12 USD   
  Expenses:Taxes:Y2014:US:SocSec                    281.54 USD   
  Assets:US:Hoogle:Vacation                              5 VACHR 
  Income:US:Hoogle:Vacation                             -5 VACHR 

2014-04-24 * "Hoogle" | "Payroll"
  Assets:US:BofA:Checking                          1350.60 USD   
  Assets:US:Vanguard:Cash                          1200.00 USD   
  Assets:US:Federal:PreTax401k                    -1200.00 IRAUSD
  Expenses:Taxes:Y2014:US:Federal:PreTax401k       1200.00 IRAUSD
  Income:US:Hoogle:Salary                         -4615.38 USD   
  Income:US:Hoogle:GroupTermLife                    -24.32 USD   
  Expenses:Health:Life:GroupTermLife                 24.32 USD   
  Expenses:Health:Dental:Insurance                    2.90 USD   
  Expenses:Health:Medical:Insurance                  27.38 USD   
  Expenses:Health:Vision:Insurance                   42.30 USD   
  Expenses:Taxes:Y2014:US:Medicare                  106.62 USD   
  Expenses:Taxes:Y2014:US:Federal                  1062.92 USD   
  Expenses:Taxes:Y2014:US:State                     365.08 USD   
  Expenses:Taxes:Y2014:US:CityNYC                   174.92 USD   
  Expenses:Taxes:Y2014:US:SDI                         1.12 USD   
  Expenses:Taxes:Y2014:US:SocSec                    281.54 USD   
  Assets:US:Hoogle:Vacation                              5 VACHR 
  Income:US:Hoogle:Vacation                             -5 VACHR 

2014-05-08 * "Hoogle" | "Payroll"
  Assets:US:BofA:Checking                          1350.60 USD   
  Assets:US:Vanguard:Cash                          1200.00 USD   
  Assets:US:Federal:PreTax401k                    -1200.00 IRAUSD
  Expenses:Taxes:Y2014:US:Federal:PreTax401k       1200.00 IRAUSD
  Income:US:Hoogle:Salary                         -4615.38 USD   
  Income:US:Hoogle:GroupTermLife                    -24.32 USD   
  Expenses:Health:Life:GroupTermLife                 24.32 USD   
  Expenses:Health:Dental:Insurance                    2.90 USD   
  Expenses:Health:Medical:Insurance                  27.38 USD   
  Expenses:Health:Vision:Insurance                   42.30 USD   
  Expenses:Taxes:Y2014:US:Medicare                  106.62 USD   
  Expenses:Taxes:Y2014:US:Federal                  1062.92 USD   
  Expenses:Taxes:Y2014:US:State                     365.08 USD   
  Expenses:Taxes:Y2014:US:CityNYC                   174.92 USD   
  Expenses:Taxes:Y2014:US:SDI                         1.12 USD   
  Expenses:Taxes:Y2014:US:SocSec                    281.54 USD   
  Assets:US:Hoogle:Vacation                              5 VACHR 
  Income:US:Hoogle:Vacation                             -5 VACHR 

2014-05-22 * "Hoogle" | "Payroll"
  Assets:US:BofA:Checking                          1350.60 USD   
  Assets:US:Vanguard:Cash                          1200.00 USD   
  Assets:US:Federal:PreTax401k                    -1200.00 IRAUSD
  Expenses:Taxes:Y2014:US:Federal:PreTax401k       1200.00 IRAUSD
  Income:US:Hoogle:Salary                         -4615.38 USD   
  Income:US:Hoogle:GroupTermLife                    -24.32 USD   
  Expenses:Health:Life:GroupTermLife                 24.32 USD   
  Expenses:Health:Dental:Insurance                    2.90 USD   
  Expenses:Health:Medical:Insurance                  27.38 USD   
  Expenses:Health:Vision:Insurance                   42.30 USD   
  Expenses:Taxes:Y2014:US:Medicare                  106.62 USD   
  Expenses:Taxes:Y2014:US:Federal                  1062.92 USD   
  Expenses:Taxes:Y2014:US:State                     365.08 USD   
  Expenses:Taxes:Y2014:US:CityNYC                   174.92 USD   
  Expenses:Taxes:Y2014:US:SDI                         1.12 USD   
  Expenses:Taxes:Y2014:US:SocSec                    281.54 USD   
  Assets:US:Hoogle:Vacation                              5 VACHR 
  Income:US:Hoogle:Vacation                             -5 VACHR 

2014-06-05 * "Hoogle" | "Payroll"
  Assets:US:BofA:Checking                          1350.60 USD   
  Assets:US:Vanguard:Cash                          1200.00 USD   
  Assets:US:Federal:PreTax401k                    -1200.00 IRAUSD
  Expenses:Taxes:Y2014:US:Federal:PreTax401k       1200.00 IRAUSD
  Income:US:Hoogle:Salary                         -4615.38 USD   
  Income:US:Hoogle:GroupTermLife                    -24.32 USD   
  Expenses:Health:Life:GroupTermLife                 24.32 USD   
  Expenses:Health:Dental:Insurance                    2.90 USD   
  Expenses:Health:Medical:Insurance                  27.38 USD   
  Expenses:Health:Vision:Insurance                   42.30 USD   
  Expenses:Taxes:Y2014:US:Medicare                  106.62 USD   
  Expenses:Taxes:Y2014:US:Federal                  1062.92 USD   
  Expenses:Taxes:Y2014:US:State                     365.08 USD   
  Expenses:Taxes:Y2014:US:CityNYC                   174.92 USD   
  Expenses:Taxes:Y2014:US:SDI                         1.12 USD   
  Expenses:Taxes:Y2014:US:SocSec                    281.54 USD   
  Assets:US:Hoogle:Vacation                              5 VACHR 
  Income:US:Hoogle:Vacation                             -5 VACHR 

2014-06-19 * "Hoogle" | "Payroll"
  Assets:US:BofA:Checking                          1350.60 USD   
  Assets:US:Vanguard:Cash                          1200.00 USD   
  Assets:US:Federal:PreTax401k                    -1200.00 IRAUSD
  Expenses:Taxes:Y2014:US:Federal:PreTax401k       1200.00 IRAUSD
  Income:US:Hoogle:Salary                         -4615.38 USD   
  Income:US:Hoogle:GroupTermLife                    -24.32 USD   
  Expenses:Health:Life:GroupTermLife                 24.32 USD   
  Expenses:Health:Dental:Insurance                    2.90 USD   
  Expenses:Health:Medical:Insurance                  27.38 USD   
  Expenses:Health:Vision:Insurance                   42.30 USD   
  Expenses:Taxes:Y2014:US:Medicare                  106.62 USD   
  Expenses:Taxes:Y2014:US:Federal                  1062.92 USD   
  Expenses:Taxes:Y2014:US:State                     365.08 USD   
  Expenses:Taxes:Y2014:US:CityNYC                   174.92 USD   
  Expenses:Taxes:Y2014:US:SDI                         1.12 USD   
  Expenses:Taxes:Y2014:US:SocSec                    281.54 USD   
  Assets:US:Hoogle:Vacation                              5 VACHR 
  Income:US:Hoogle:Vacation                             -5 VACHR 

2014-07-03 * "Hoogle" | "Payroll"
  Assets:US:BofA:Checking                          1350.60 USD   
  Assets:US:Vanguard:Cash                          1200.00 USD   
  Assets:US:Federal:PreTax401k                    -1200.00 IRAUSD
  Expenses:Taxes:Y2014:US:Federal:PreTax401k       1200.00 IRAUSD
  Income:US:Hoogle:Salary                         -4615.38 USD   
  Income:US:Hoogle:GroupTermLife                    -24.32 USD   
  Expenses:Health:Life:GroupTermLife                 24.32 USD   
  Expenses:Health:Dental:Insurance                    2.90 USD   
  Expenses:Health:Medical:Insurance                  27.38 USD   
  Expenses:Health:Vision:Insurance                   42.30 USD   
  Expenses:Taxes:Y2014:US:Medicare                  106.62 USD   
  Expenses:Taxes:Y2014:US:Federal                  1062.92 USD   
  Expenses:Taxes:Y2014:US:State                     365.08 USD   
  Expenses:Taxes:Y2014:US:CityNYC                   174.92 USD   
  Expenses:Taxes:Y2014:US:SDI                         1.12 USD   
  Expenses:Taxes:Y2014:US:SocSec                    281.54 USD   
  Assets:US:Hoogle:Vacation                              5 VACHR 
  Income:US:Hoogle:Vacation                             -5 VACHR 

2014-07-17 * "Hoogle" | "Payroll"
  Assets:US:BofA:Checking                          1850.60 USD   
  Assets:US:Vanguard:Cash                           700.00 USD   
  Assets:US:Federal:PreTax401k                     -700.00 IRAUSD
  Expenses:Taxes:Y2014:US:Federal:PreTax401k        700.00 IRAUSD
  Income:US:Hoogle:Salary                         -4615.38 USD   
  Income:US:Hoogle:GroupTermLife                    -24.32 USD   
  Expenses:Health:Life:GroupTermLife                 24.32 USD   
  Expenses:Health:Dental:Insurance                    2.90 USD   
  Expenses:Health:Medical:Insurance                  27.38 USD   
  Expenses:Health:Vision:Insurance                   42.30 USD   
  Expenses:Taxes:Y2014:US:Medicare                  106.62 USD   
  Expenses:Taxes:Y2014:US:Federal                  1062.92 USD   
  Expenses:Taxes:Y2014:US:State                     365.08 USD   
  Expenses:Taxes:Y2014:US:CityNYC                   174.92 USD   
  Expenses:Taxes:Y2014:US:SDI                         1.12 USD   
  Expenses:Taxes:Y2014:US:SocSec                    281.54 USD   
  Assets:US:Hoogle:Vacation                              5 VACHR 
  Income:US:Hoogle:Vacation                             -5 VACHR 

2014-07-31 * "Hoogle" | "Payroll"
  Assets:US:BofA:Checking                          2550.60 USD   
  Assets:US:Federal:PreTax401k                        0.00 IRAUSD
  Income:US:Hoogle:Salary                         -4615.38 USD   
  Income:US:Hoogle:GroupTermLife                    -24.32 USD   
  Expenses:Health:Life:GroupTermLife                 24.32 USD   
  Expenses:Health:Dental:Insurance                    2.90 USD   
  Expenses:Health:Medical:Insurance                  27.38 USD   
  Expenses:Health:Vision:Insurance                   42.30 USD   
  Expenses:Taxes:Y2014:US:Medicare                  106.62 USD   
  Expenses:Taxes:Y2014:US:Federal                  1062.92 USD   
  Expenses:Taxes:Y2014:US:State                     365.08 USD   
  Expenses:Taxes:Y2014:US:CityNYC                   174.92 USD   
  Expenses:Taxes:Y2014:US:SDI                         1.12 USD   
  Expenses:Taxes:Y2014:US:SocSec                    281.54 USD   
  Assets:US:Hoogle:Vacation                              5 VACHR 
  Income:US:Hoogle:Vacation                             -5 VACHR 

2014-08-14 * "Hoogle" | "Payroll"
  Assets:US:BofA:Checking                          2550.60 USD   
  Assets:US:Federal:PreTax401k                        0.00 IRAUSD
  Income:US:Hoogle:Salary                         -4615.38 USD   
  Income:US:Hoogle:GroupTermLife                    -24.32 USD   
  Expenses:Health:Life:GroupTermLife                 24.32 USD   
  Expenses:Health:Dental:Insurance                    2.90 USD   
  Expenses:Health:Medical:Insurance                  27.38 USD   
  Expenses:Health:Vision:Insurance                   42.30 USD   
  Expenses:Taxes:Y2014:US:Medicare                  106.62 USD   
  Expenses:Taxes:Y2014:US:Federal                  1062.92 USD   
  Expenses:Taxes:Y2014:US:State                     365.08 USD   
  Expenses:Taxes:Y2014:US:CityNYC                   174.92 USD   
  Expenses:Taxes:Y2014:US:SDI                         1.12 USD   
  Expenses:Taxes:Y2014:US:SocSec                    281.54 USD   
  Assets:US:Hoogle:Vacation                              5 VACHR 
  Income:US:Hoogle:Vacation                             -5 VACHR 

2014-08-28 * "Hoogle" | "Payroll"
  Assets:US:BofA:Checking                          2550.60 USD   
  Assets:US:Federal:PreTax401k                        0.00 IRAUSD
  Income:US:Hoogle:Salary                         -4615.38 USD   
  Income:US:Hoogle:GroupTermLife                    -24.32 USD   
  Expenses:Health:Life:GroupTermLife                 24.32 USD   
  Expenses:Health:Dental:Insurance                    2.90 USD   
  Expenses:Health:Medical:Insurance                  27.38 USD   
  Expenses:Health:Vision:Insurance                   42.30 USD   
  Expenses:Taxes:Y2014:US:Medicare                  106.62 USD   
  Expenses:Taxes:Y2014:US:Federal                  1062.92 USD   
  Expenses:Taxes:Y2014:US:State                     365.08 USD   
  Expenses:Taxes:Y2014:US:CityNYC                   174.92 USD   
  Expenses:Taxes:Y2014:US:SDI                         1.12 USD   
  Expenses:Taxes:Y2014:US:SocSec                    281.54 USD   
  Assets:US:Hoogle:Vacation                              5 VACHR 
  Income:US:Hoogle:Vacation                             -5 VACHR 

2014-09-11 * "Hoogle" | "Payroll"
  Assets:US:BofA:Checking                          2550.60 USD   
  Assets:US:Federal:PreTax401k                        0.00 IRAUSD
  Income:US:Hoogle:Salary                         -4615.38 USD   
  Income:US:Hoogle:GroupTermLife                    -24.32 USD   
  Expenses:Health:Life:GroupTermLife                 24.32 USD   
  Expenses:Health:Dental:Insurance                    2.90 USD   
  Expenses:Health:Medical:Insurance                  27.38 USD   
  Expenses:Health:Vision:Insurance                   42.30 USD   
  Expenses:Taxes:Y2014:US:Medicare                  106.62 USD   
  Expenses:Taxes:Y2014:US:Federal                  1062.92 USD   
  Expenses:Taxes:Y2014:US:State                     365.08 USD   
  Expenses:Taxes:Y2014:US:CityNYC                   174.92 USD   
  Expenses:Taxes:Y2014:US:SDI                         1.12 USD   
  Expenses:Taxes:Y2014:US:SocSec                    281.54 USD   
  Assets:US:Hoogle:Vacation                              5 VACHR 
  Income:US:Hoogle:Vacation                             -5 VACHR 

2014-09-25 * "Hoogle" | "Payroll"
  Assets:US:BofA:Checking                          2550.60 USD   
  Assets:US:Federal:PreTax401k                        0.00 IRAUSD
  Income:US:Hoogle:Salary                         -4615.38 USD   
  Income:US:Hoogle:GroupTermLife                    -24.32 USD   
  Expenses:Health:Life:GroupTermLife                 24.32 USD   
  Expenses:Health:Dental:Insurance                    2.90 USD   
  Expenses:Health:Medical:Insurance                  27.38 USD   
  Expenses:Health:Vision:Insurance                   42.30 USD   
  Expenses:Taxes:Y2014:US:Medicare                  106.62 USD   
  Expenses:Taxes:Y2014:US:Federal                  1062.92 USD   
  Expenses:Taxes:Y2014:US:State                     365.08 USD   
  Expenses:Taxes:Y2014:US:CityNYC                   174.92 USD   
  Expenses:Taxes:Y2014:US:SDI                         1.12 USD   
  Expenses:Taxes:Y2014:US:SocSec                    281.54 USD   
  Assets:US:Hoogle:Vacation                              5 VACHR 
  Income:US:Hoogle:Vacation                             -5 VACHR 

2014-10-09 * "Hoogle" | "Payroll"
  Assets:US:BofA:Checking                          2550.60 USD   
  Assets:US:Federal:PreTax401k                        0.00 IRAUSD
  Income:US:Hoogle:Salary                         -4615.38 USD   
  Income:US:Hoogle:GroupTermLife                    -24.32 USD   
  Expenses:Health:Life:GroupTermLife                 24.32 USD   
  Expenses:Health:Dental:Insurance                    2.90 USD   
  Expenses:Health:Medical:Insurance                  27.38 USD   
  Expenses:Health:Vision:Insurance                   42.30 USD   
  Expenses:Taxes:Y2014:US:Medicare                  106.62 USD   
  Expenses:Taxes:Y2014:US:Federal                  1062.92 USD   
  Expenses:Taxes:Y2014:US:State                     365.08 USD   
  Expenses:Taxes:Y2014:US:CityNYC                   174.92 USD   
  Expenses:Taxes:Y2014:US:SDI                         1.12 USD   
  Expenses:Taxes:Y2014:US:SocSec                    281.54 USD   
  Assets:US:Hoogle:Vacation                              5 VACHR 
  Income:US:Hoogle:Vacation                             -5 VACHR 

2014-10-23 * "Hoogle" | "Payroll"
  Assets:US:BofA:Checking                          2550.60 USD   
  Assets:US:Federal:PreTax401k                        0.00 IRAUSD
  Income:US:Hoogle:Salary                         -4615.38 USD   
  Income:US:Hoogle:GroupTermLife                    -24.32 USD   
  Expenses:Health:Life:GroupTermLife                 24.32 USD   
  Expenses:Health:Dental:Insurance                    2.90 USD   
  Expenses:Health:Medical:Insurance                  27.38 USD   
  Expenses:Health:Vision:Insurance                   42.30 USD   
  Expenses:Taxes:Y2014:US:Medicare                  106.62 USD   
  Expenses:Taxes:Y2014:US:Federal                  1062.92 USD   
  Expenses:Taxes:Y2014:US:State                     365.08 USD   
  Expenses:Taxes:Y2014:US:CityNYC                   174.92 USD   
  Expenses:Taxes:Y2014:US:SDI                         1.12 USD   
  Expenses:Taxes:Y2014:US:SocSec                    281.54 USD   
  Assets:US:Hoogle:Vacation                              5 VACHR 
  Income:US:Hoogle:Vacation                             -5 VACHR 

2014-11-06 * "Hoogle" | "Payroll"
  Assets:US:BofA:Checking                          2550.60 USD   
  Assets:US:Federal:PreTax401k                        0.00 IRAUSD
  Income:US:Hoogle:Salary                         -4615.38 USD   
  Income:US:Hoogle:GroupTermLife                    -24.32 USD   
  Expenses:Health:Life:GroupTermLife                 24.32 USD   
  Expenses:Health:Dental:Insurance                    2.90 USD   
  Expenses:Health:Medical:Insurance                  27.38 USD   
  Expenses:Health:Vision:Insurance                   42.30 USD   
  Expenses:Taxes:Y2014:US:Medicare                  106.62 USD   
  Expenses:Taxes:Y2014:US:Federal                  1062.92 USD   
  Expenses:Taxes:Y2014:US:State                     365.08 USD   
  Expenses:Taxes:Y2014:US:CityNYC                   174.92 USD   
  Expenses:Taxes:Y2014:US:SDI                         1.12 USD   
  Expenses:Taxes:Y2014:US:SocSec                    281.54 USD   
  Assets:US:Hoogle:Vacation                              5 VACHR 
  Income:US:Hoogle:Vacation                             -5 VACHR 

2014-11-20 * "Hoogle" | "Payroll"
  Assets:US:BofA:Checking                          2550.60 USD   
  Assets:US:Federal:PreTax401k                        0.00 IRAUSD
  Income:US:Hoogle:Salary                         -4615.38 USD   
  Income:US:Hoogle:GroupTermLife                    -24.32 USD   
  Expenses:Health:Life:GroupTermLife                 24.32 USD   
  Expenses:Health:Dental:Insurance                    2.90 USD   
  Expenses:Health:Medical:Insurance                  27.38 USD   
  Expenses:Health:Vision:Insurance                   42.30 USD   
  Expenses:Taxes:Y2014:US:Medicare                  106.62 USD   
  Expenses:Taxes:Y2014:US:Federal                  1062.92 USD   
  Expenses:Taxes:Y2014:US:State                     365.08 USD   
  Expenses:Taxes:Y2014:US:CityNYC                   174.92 USD   
  Expenses:Taxes:Y2014:US:SDI                         1.12 USD   
  Expenses:Taxes:Y2014:US:SocSec                    281.54 USD   
  Assets:US:Hoogle:Vacation                              5 VACHR 
  Income:US:Hoogle:Vacation                             -5 VACHR 

2014-12-04 * "Hoogle" | "Payroll"
  Assets:US:BofA:Checking                          2589.06 USD   
  Assets:US:Federal:PreTax401k                        0.00 IRAUSD
  Income:US:Hoogle:Salary                         -4615.38 USD   
  Income:US:Hoogle:GroupTermLife                    -24.32 USD   
  Expenses:Health:Life:GroupTermLife                 24.32 USD   
  Expenses:Health:Dental:Insurance                    2.90 USD   
  Expenses:Health:Medical:Insurance                  27.38 USD   
  Expenses:Health:Vision:Insurance                   42.30 USD   
  Expenses:Taxes:Y2014:US:Medicare                  106.62 USD   
  Expenses:Taxes:Y2014:US:Federal                  1062.92 USD   
  Expenses:Taxes:Y2014:US:State                     365.08 USD   
  Expenses:Taxes:Y2014:US:CityNYC                   174.92 USD   
  Expenses:Taxes:Y2014:US:SDI                         1.12 USD   
  Expenses:Taxes:Y2014:US:SocSec                    243.08 USD   
  Assets:US:Hoogle:Vacation                              5 VACHR 
  Income:US:Hoogle:Vacation                             -5 VACHR 

2014-12-18 * "Hoogle" | "Payroll"
  Assets:US:BofA:Checking                          2832.14 USD   
  Assets:US:Federal:PreTax401k                        0.00 IRAUSD
  Income:US:Hoogle:Salary                         -4615.38 USD   
  Income:US:Hoogle:GroupTermLife                    -24.32 USD   
  Expenses:Health:Life:GroupTermLife                 24.32 USD   
  Expenses:Health:Dental:Insurance                    2.90 USD   
  Expenses:Health:Medical:Insurance                  27.38 USD   
  Expenses:Health:Vision:Insurance                   42.30 USD   
  Expenses:Taxes:Y2014:US:Medicare                  106.62 USD   
  Expenses:Taxes:Y2014:US:Federal                  1062.92 USD   
  Expenses:Taxes:Y2014:US:State                     365.08 USD   
  Expenses:Taxes:Y2014:US:CityNYC                   174.92 USD   
  Expenses:Taxes:Y2014:US:SDI                         1.12 USD   
  Expenses:Taxes:Y2014:US:SocSec                      0.00 USD   
  Assets:US:Hoogle:Vacation                              5 VACHR 
  Income:US:Hoogle:Vacation                             -5 VACHR 

2015-01-01 * "Hoogle" | "Payroll"
  Assets:US:BofA:Checking                          1350.60 USD   
  Assets:US:Vanguard:Cash                          1200.00 USD   
  Assets:US:Federal:PreTax401k                    -1200.00 IRAUSD
  Expenses:Taxes:Y2015:US:Federal:PreTax401k       1200.00 IRAUSD
  Income:US:Hoogle:Salary                         -4615.38 USD   
  Income:US:Hoogle:GroupTermLife                    -24.32 USD   
  Expenses:Health:Life:GroupTermLife                 24.32 USD   
  Expenses:Health:Dental:Insurance                    2.90 USD   
  Expenses:Health:Medical:Insurance                  27.38 USD   
  Expenses:Health:Vision:Insurance                   42.30 USD   
  Expenses:Taxes:Y2015:US:Medicare                  106.62 USD   
  Expenses:Taxes:Y2015:US:Federal                  1062.92 USD   
  Expenses:Taxes:Y2015:US:State                     365.08 USD   
  Expenses:Taxes:Y2015:US:CityNYC                   174.92 USD   
  Expenses:Taxes:Y2015:US:SDI                         1.12 USD   
  Expenses:Taxes:Y2015:US:SocSec                    281.54 USD   
  Assets:US:Hoogle:Vacation                              5 VACHR 
  Income:US:Hoogle:Vacation                             -5 VACHR 

2015-01-15 * "Hoogle" | "Payroll"
  Assets:US:BofA:Checking                          1350.60 USD   
  Assets:US:Vanguard:Cash                          1200.00 USD   
  Assets:US:Federal:PreTax401k                    -1200.00 IRAUSD
  Expenses:Taxes:Y2015:US:Federal:PreTax401k       1200.00 IRAUSD
  Income:US:Hoogle:Salary                         -4615.38 USD   
  Income:US:Hoogle:GroupTermLife                    -24.32 USD   
  Expenses:Health:Life:GroupTermLife                 24.32 USD   
  Expenses:Health:Dental:Insurance                    2.90 USD   
  Expenses:Health:Medical:Insurance                  27.38 USD   
  Expenses:Health:Vision:Insurance                   42.30 USD   
  Expenses:Taxes:Y2015:US:Medicare                  106.62 USD   
  Expenses:Taxes:Y2015:US:Federal                  1062.92 USD   
  Expenses:Taxes:Y2015:US:State                     365.08 USD   
  Expenses:Taxes:Y2015:US:CityNYC                   174.92 USD   
  Expenses:Taxes:Y2015:US:SDI                         1.12 USD   
  Expenses:Taxes:Y2015:US:SocSec                    281.54 USD   
  Assets:US:Hoogle:Vacation                              5 VACHR 
  Income:US:Hoogle:Vacation                             -5 VACHR 

2015-01-29 * "Hoogle" | "Payroll"
  Assets:US:BofA:Checking                          1350.60 USD   
  Assets:US:Vanguard:Cash                          1200.00 USD   
  Assets:US:Federal:PreTax401k                    -1200.00 IRAUSD
  Expenses:Taxes:Y2015:US:Federal:PreTax401k       1200.00 IRAUSD
  Income:US:Hoogle:Salary                         -4615.38 USD   
  Income:US:Hoogle:GroupTermLife                    -24.32 USD   
  Expenses:Health:Life:GroupTermLife                 24.32 USD   
  Expenses:Health:Dental:Insurance                    2.90 USD   
  Expenses:Health:Medical:Insurance                  27.38 USD   
  Expenses:Health:Vision:Insurance                   42.30 USD   
  Expenses:Taxes:Y2015:US:Medicare                  106.62 USD   
  Expenses:Taxes:Y2015:US:Federal                  1062.92 USD   
  Expenses:Taxes:Y2015:US:State                     365.08 USD   
  Expenses:Taxes:Y2015:US:CityNYC                   174.92 USD   
  Expenses:Taxes:Y2015:US:SDI                         1.12 USD   
  Expenses:Taxes:Y2015:US:SocSec                    281.54 USD   
  Assets:US:Hoogle:Vacation                              5 VACHR 
  Income:US:Hoogle:Vacation                             -5 VACHR 

2015-02-12 * "Hoogle" | "Payroll"
  Assets:US:BofA:Checking                          1350.60 USD   
  Assets:US:Vanguard:Cash                          1200.00 USD   
  Assets:US:Federal:PreTax401k                    -1200.00 IRAUSD
  Expenses:Taxes:Y2015:US:Federal:PreTax401k       1200.00 IRAUSD
  Income:US:Hoogle:Salary                         -4615.38 USD   
  Income:US:Hoogle:GroupTermLife                    -24.32 USD   
  Expenses:Health:Life:GroupTermLife                 24.32 USD   
  Expenses:Health:Dental:Insurance                    2.90 USD   
  Expenses:Health:Medical:Insurance                  27.38 USD   
  Expenses:Health:Vision:Insurance                   42.30 USD   
  Expenses:Taxes:Y2015:US:Medicare                  106.62 USD   
  Expenses:Taxes:Y2015:US:Federal                  1062.92 USD   
  Expenses:Taxes:Y2015:US:State                     365.08 USD   
  Expenses:Taxes:Y2015:US:CityNYC                   174.92 USD   
  Expenses:Taxes:Y2015:US:SDI                         1.12 USD   
  Expenses:Taxes:Y2015:US:SocSec                    281.54 USD   
  Assets:US:Hoogle:Vacation                              5 VACHR 
  Income:US:Hoogle:Vacation                             -5 VACHR 

2015-02-26 * "Hoogle" | "Payroll"
  Assets:US:BofA:Checking                          1350.60 USD   
  Assets:US:Vanguard:Cash                          1200.00 USD   
  Assets:US:Federal:PreTax401k                    -1200.00 IRAUSD
  Expenses:Taxes:Y2015:US:Federal:PreTax401k       1200.00 IRAUSD
  Income:US:Hoogle:Salary                         -4615.38 USD   
  Income:US:Hoogle:GroupTermLife                    -24.32 USD   
  Expenses:Health:Life:GroupTermLife                 24.32 USD   
  Expenses:Health:Dental:Insurance                    2.90 USD   
  Expenses:Health:Medical:Insurance                  27.38 USD   
  Expenses:Health:Vision:Insurance                   42.30 USD   
  Expenses:Taxes:Y2015:US:Medicare                  106.62 USD   
  Expenses:Taxes:Y2015:US:Federal                  1062.92 USD   
  Expenses:Taxes:Y2015:US:State                     365.08 USD   
  Expenses:Taxes:Y2015:US:CityNYC                   174.92 USD   
  Expenses:Taxes:Y2015:US:SDI                         1.12 USD   
  Expenses:Taxes:Y2015:US:SocSec                    281.54 USD   
  Assets:US:Hoogle:Vacation                              5 VACHR 
  Income:US:Hoogle:Vacation                             -5 VACHR 

2015-03-12 * "Hoogle" | "Payroll"
  Assets:US:BofA:Checking                          1350.60 USD   
  Assets:US:Vanguard:Cash                          1200.00 USD   
  Assets:US:Federal:PreTax401k                    -1200.00 IRAUSD
  Expenses:Taxes:Y2015:US:Federal:PreTax401k       1200.00 IRAUSD
  Income:US:Hoogle:Salary                         -4615.38 USD   
  Income:US:Hoogle:GroupTermLife                    -24.32 USD   
  Expenses:Health:Life:GroupTermLife                 24.32 USD   
  Expenses:Health:Dental:Insurance                    2.90 USD   
  Expenses:Health:Medical:Insurance                  27.38 USD   
  Expenses:Health:Vision:Insurance                   42.30 USD   
  Expenses:Taxes:Y2015:US:Medicare                  106.62 USD   
  Expenses:Taxes:Y2015:US:Federal                  1062.92 USD   
  Expenses:Taxes:Y2015:US:State                     365.08 USD   
  Expenses:Taxes:Y2015:US:CityNYC                   174.92 USD   
  Expenses:Taxes:Y2015:US:SDI                         1.12 USD   
  Expenses:Taxes:Y2015:US:SocSec                    281.54 USD   
  Assets:US:Hoogle:Vacation                              5 VACHR 
  Income:US:Hoogle:Vacation                             -5 VACHR 

2015-03-26 * "Hoogle" | "Payroll"
  Assets:US:BofA:Checking                          1350.60 USD   
  Assets:US:Vanguard:Cash                          1200.00 USD   
  Assets:US:Federal:PreTax401k                    -1200.00 IRAUSD
  Expenses:Taxes:Y2015:US:Federal:PreTax401k       1200.00 IRAUSD
  Income:US:Hoogle:Salary                         -4615.38 USD   
  Income:US:Hoogle:GroupTermLife                    -24.32 USD   
  Expenses:Health:Life:GroupTermLife                 24.32 USD   
  Expenses:Health:Dental:Insurance                    2.90 USD   
  Expenses:Health:Medical:Insurance                  27.38 USD   
  Expenses:Health:Vision:Insurance                   42.30 USD   
  Expenses:Taxes:Y2015:US:Medicare                  106.62 USD   
  Expenses:Taxes:Y2015:US:Federal                  1062.92 USD   
  Expenses:Taxes:Y2015:US:State                     365.08 USD   
  Expenses:Taxes:Y2015:US:CityNYC                   174.92 USD   
  Expenses:Taxes:Y2015:US:SDI                         1.12 USD   
  Expenses:Taxes:Y2015:US:SocSec                    281.54 USD   
  Assets:US:Hoogle:Vacation                              5 VACHR 
  Income:US:Hoogle:Vacation                             -5 VACHR 

2015-04-09 * "Hoogle" | "Payroll"
  Assets:US:BofA:Checking                          1350.60 USD   
  Assets:US:Vanguard:Cash                          1200.00 USD   
  Assets:US:Federal:PreTax401k                    -1200.00 IRAUSD
  Expenses:Taxes:Y2015:US:Federal:PreTax401k       1200.00 IRAUSD
  Income:US:Hoogle:Salary                         -4615.38 USD   
  Income:US:Hoogle:GroupTermLife                    -24.32 USD   
  Expenses:Health:Life:GroupTermLife                 24.32 USD   
  Expenses:Health:Dental:Insurance                    2.90 USD   
  Expenses:Health:Medical:Insurance                  27.38 USD   
  Expenses:Health:Vision:Insurance                   42.30 USD   
  Expenses:Taxes:Y2015:US:Medicare                  106.62 USD   
  Expenses:Taxes:Y2015:US:Federal                  1062.92 USD   
  Expenses:Taxes:Y2015:US:State                     365.08 USD   
  Expenses:Taxes:Y2015:US:CityNYC                   174.92 USD   
  Expenses:Taxes:Y2015:US:SDI                         1.12 USD   
  Expenses:Taxes:Y2015:US:SocSec                    281.54 USD   
  Assets:US:Hoogle:Vacation                              5 VACHR 
  Income:US:Hoogle:Vacation                             -5 VACHR 

2015-04-23 * "Hoogle" | "Payroll"
  Assets:US:BofA:Checking                          1350.60 USD   
  Assets:US:Vanguard:Cash                          1200.00 USD   
  Assets:US:Federal:PreTax401k                    -1200.00 IRAUSD
  Expenses:Taxes:Y2015:US:Federal:PreTax401k       1200.00 IRAUSD
  Income:US:Hoogle:Salary                         -4615.38 USD   
  Income:US:Hoogle:GroupTermLife                    -24.32 USD   
  Expenses:Health:Life:GroupTermLife                 24.32 USD   
  Expenses:Health:Dental:Insurance                    2.90 USD   
  Expenses:Health:Medical:Insurance                  27.38 USD   
  Expenses:Health:Vision:Insurance                   42.30 USD   
  Expenses:Taxes:Y2015:US:Medicare                  106.62 USD   
  Expenses:Taxes:Y2015:US:Federal                  1062.92 USD   
  Expenses:Taxes:Y2015:US:State                     365.08 USD   
  Expenses:Taxes:Y2015:US:CityNYC                   174.92 USD   
  Expenses:Taxes:Y2015:US:SDI                         1.12 USD   
  Expenses:Taxes:Y2015:US:SocSec                    281.54 USD   
  Assets:US:Hoogle:Vacation                              5 VACHR 
  Income:US:Hoogle:Vacation                             -5 VACHR 

2015-05-07 * "Hoogle" | "Payroll"
  Assets:US:BofA:Checking                          1350.60 USD   
  Assets:US:Vanguard:Cash                          1200.00 USD   
  Assets:US:Federal:PreTax401k                    -1200.00 IRAUSD
  Expenses:Taxes:Y2015:US:Federal:PreTax401k       1200.00 IRAUSD
  Income:US:Hoogle:Salary                         -4615.38 USD   
  Income:US:Hoogle:GroupTermLife                    -24.32 USD   
  Expenses:Health:Life:GroupTermLife                 24.32 USD   
  Expenses:Health:Dental:Insurance                    2.90 USD   
  Expenses:Health:Medical:Insurance                  27.38 USD   
  Expenses:Health:Vision:Insurance                   42.30 USD   
  Expenses:Taxes:Y2015:US:Medicare                  106.62 USD   
  Expenses:Taxes:Y2015:US:Federal                  1062.92 USD   
  Expenses:Taxes:Y2015:US:State                     365.08 USD   
  Expenses:Taxes:Y2015:US:CityNYC                   174.92 USD   
  Expenses:Taxes:Y2015:US:SDI                         1.12 USD   
  Expenses:Taxes:Y2015:US:SocSec                    281.54 USD   
  Assets:US:Hoogle:Vacation                              5 VACHR 
  Income:US:Hoogle:Vacation                             -5 VACHR 

2015-05-21 * "Hoogle" | "Payroll"
  Assets:US:BofA:Checking                          1350.60 USD   
  Assets:US:Vanguard:Cash                          1200.00 USD   
  Assets:US:Federal:PreTax401k                    -1200.00 IRAUSD
  Expenses:Taxes:Y2015:US:Federal:PreTax401k       1200.00 IRAUSD
  Income:US:Hoogle:Salary                         -4615.38 USD   
  Income:US:Hoogle:GroupTermLife                    -24.32 USD   
  Expenses:Health:Life:GroupTermLife                 24.32 USD   
  Expenses:Health:Dental:Insurance                    2.90 USD   
  Expenses:Health:Medical:Insurance                  27.38 USD   
  Expenses:Health:Vision:Insurance                   42.30 USD   
  Expenses:Taxes:Y2015:US:Medicare                  106.62 USD   
  Expenses:Taxes:Y2015:US:Federal                  1062.92 USD   
  Expenses:Taxes:Y2015:US:State                     365.08 USD   
  Expenses:Taxes:Y2015:US:CityNYC                   174.92 USD   
  Expenses:Taxes:Y2015:US:SDI                         1.12 USD   
  Expenses:Taxes:Y2015:US:SocSec                    281.54 USD   
  Assets:US:Hoogle:Vacation                              5 VACHR 
  Income:US:Hoogle:Vacation                             -5 VACHR 

2015-06-04 * "Hoogle" | "Payroll"
  Assets:US:BofA:Checking                          1350.60 USD   
  Assets:US:Vanguard:Cash                          1200.00 USD   
  Assets:US:Federal:PreTax401k                    -1200.00 IRAUSD
  Expenses:Taxes:Y2015:US:Federal:PreTax401k       1200.00 IRAUSD
  Income:US:Hoogle:Salary                         -4615.38 USD   
  Income:US:Hoogle:GroupTermLife                    -24.32 USD   
  Expenses:Health:Life:GroupTermLife                 24.32 USD   
  Expenses:Health:Dental:Insurance                    2.90 USD   
  Expenses:Health:Medical:Insurance                  27.38 USD   
  Expenses:Health:Vision:Insurance                   42.30 USD   
  Expenses:Taxes:Y2015:US:Medicare                  106.62 USD   
  Expenses:Taxes:Y2015:US:Federal                  1062.92 USD   
  Expenses:Taxes:Y2015:US:State                     365.08 USD   
  Expenses:Taxes:Y2015:US:CityNYC                   174.92 USD   
  Expenses:Taxes:Y2015:US:SDI                         1.12 USD   
  Expenses:Taxes:Y2015:US:SocSec                    281.54 USD   
  Assets:US:Hoogle:Vacation                              5 VACHR 
  Income:US:Hoogle:Vacation                             -5 VACHR 

2015-06-18 * "Hoogle" | "Payroll"
  Assets:US:BofA:Checking                          1350.60 USD   
  Assets:US:Vanguard:Cash                          1200.00 USD   
  Assets:US:Federal:PreTax401k                    -1200.00 IRAUSD
  Expenses:Taxes:Y2015:US:Federal:PreTax401k       1200.00 IRAUSD
  Income:US:Hoogle:Salary                         -4615.38 USD   
  Income:US:Hoogle:GroupTermLife                    -24.32 USD   
  Expenses:Health:Life:GroupTermLife                 24.32 USD   
  Expenses:Health:Dental:Insurance                    2.90 USD   
  Expenses:Health:Medical:Insurance                  27.38 USD   
  Expenses:Health:Vision:Insurance                   42.30 USD   
  Expenses:Taxes:Y2015:US:Medicare                  106.62 USD   
  Expenses:Taxes:Y2015:US:Federal                  1062.92 USD   
  Expenses:Taxes:Y2015:US:State                     365.08 USD   
  Expenses:Taxes:Y2015:US:CityNYC                   174.92 USD   
  Expenses:Taxes:Y2015:US:SDI                         1.12 USD   
  Expenses:Taxes:Y2015:US:SocSec                    281.54 USD   
  Assets:US:Hoogle:Vacation                              5 VACHR 
  Income:US:Hoogle:Vacation                             -5 VACHR 

2015-07-02 * "Hoogle" | "Payroll"
  Assets:US:BofA:Checking                          1350.60 USD   
  Assets:US:Vanguard:Cash                          1200.00 USD   
  Assets:US:Federal:PreTax401k                    -1200.00 IRAUSD
  Expenses:Taxes:Y2015:US:Federal:PreTax401k       1200.00 IRAUSD
  Income:US:Hoogle:Salary                         -4615.38 USD   
  Income:US:Hoogle:GroupTermLife                    -24.32 USD   
  Expenses:Health:Life:GroupTermLife                 24.32 USD   
  Expenses:Health:Dental:Insurance                    2.90 USD   
  Expenses:Health:Medical:Insurance                  27.38 USD   
  Expenses:Health:Vision:Insurance                   42.30 USD   
  Expenses:Taxes:Y2015:US:Medicare                  106.62 USD   
  Expenses:Taxes:Y2015:US:Federal                  1062.92 USD   
  Expenses:Taxes:Y2015:US:State                     365.08 USD   
  Expenses:Taxes:Y2015:US:CityNYC                   174.92 USD   
  Expenses:Taxes:Y2015:US:SDI                         1.12 USD   
  Expenses:Taxes:Y2015:US:SocSec                    281.54 USD   
  Assets:US:Hoogle:Vacation                              5 VACHR 
  Income:US:Hoogle:Vacation                             -5 VACHR 

2015-07-16 * "Hoogle" | "Payroll"
  Assets:US:BofA:Checking                          1350.60 USD   
  Assets:US:Vanguard:Cash                          1200.00 USD   
  Assets:US:Federal:PreTax401k                    -1200.00 IRAUSD
  Expenses:Taxes:Y2015:US:Federal:PreTax401k       1200.00 IRAUSD
  Income:US:Hoogle:Salary                         -4615.38 USD   
  Income:US:Hoogle:GroupTermLife                    -24.32 USD   
  Expenses:Health:Life:GroupTermLife                 24.32 USD   
  Expenses:Health:Dental:Insurance                    2.90 USD   
  Expenses:Health:Medical:Insurance                  27.38 USD   
  Expenses:Health:Vision:Insurance                   42.30 USD   
  Expenses:Taxes:Y2015:US:Medicare                  106.62 USD   
  Expenses:Taxes:Y2015:US:Federal                  1062.92 USD   
  Expenses:Taxes:Y2015:US:State                     365.08 USD   
  Expenses:Taxes:Y2015:US:CityNYC                   174.92 USD   
  Expenses:Taxes:Y2015:US:SDI                         1.12 USD   
  Expenses:Taxes:Y2015:US:SocSec                    281.54 USD   
  Assets:US:Hoogle:Vacation                              5 VACHR 
  Income:US:Hoogle:Vacation                             -5 VACHR 

2015-07-30 * "Hoogle" | "Payroll"
  Assets:US:BofA:Checking                          2550.60 USD   
  Assets:US:Federal:PreTax401k                        0.00 IRAUSD
  Income:US:Hoogle:Salary                         -4615.38 USD   
  Income:US:Hoogle:GroupTermLife                    -24.32 USD   
  Expenses:Health:Life:GroupTermLife                 24.32 USD   
  Expenses:Health:Dental:Insurance                    2.90 USD   
  Expenses:Health:Medical:Insurance                  27.38 USD   
  Expenses:Health:Vision:Insurance                   42.30 USD   
  Expenses:Taxes:Y2015:US:Medicare                  106.62 USD   
  Expenses:Taxes:Y2015:US:Federal                  1062.92 USD   
  Expenses:Taxes:Y2015:US:State                     365.08 USD   
  Expenses:Taxes:Y2015:US:CityNYC                   174.92 USD   
  Expenses:Taxes:Y2015:US:SDI                         1.12 USD   
  Expenses:Taxes:Y2015:US:SocSec                    281.54 USD   
  Assets:US:Hoogle:Vacation                              5 VACHR 
  Income:US:Hoogle:Vacation                             -5 VACHR 

2015-08-13 * "Hoogle" | "Payroll"
  Assets:US:BofA:Checking                          2550.60 USD   
  Assets:US:Federal:PreTax401k                        0.00 IRAUSD
  Income:US:Hoogle:Salary                         -4615.38 USD   
  Income:US:Hoogle:GroupTermLife                    -24.32 USD   
  Expenses:Health:Life:GroupTermLife                 24.32 USD   
  Expenses:Health:Dental:Insurance                    2.90 USD   
  Expenses:Health:Medical:Insurance                  27.38 USD   
  Expenses:Health:Vision:Insurance                   42.30 USD   
  Expenses:Taxes:Y2015:US:Medicare                  106.62 USD   
  Expenses:Taxes:Y2015:US:Federal                  1062.92 USD   
  Expenses:Taxes:Y2015:US:State                     365.08 USD   
  Expenses:Taxes:Y2015:US:CityNYC                   174.92 USD   
  Expenses:Taxes:Y2015:US:SDI                         1.12 USD   
  Expenses:Taxes:Y2015:US:SocSec                    281.54 USD   
  Assets:US:Hoogle:Vacation                              5 VACHR 
  Income:US:Hoogle:Vacation                             -5 VACHR 

2015-08-27 * "Hoogle" | "Payroll"
  Assets:US:BofA:Checking                          2550.60 USD   
  Assets:US:Federal:PreTax401k                        0.00 IRAUSD
  Income:US:Hoogle:Salary                         -4615.38 USD   
  Income:US:Hoogle:GroupTermLife                    -24.32 USD   
  Expenses:Health:Life:GroupTermLife                 24.32 USD   
  Expenses:Health:Dental:Insurance                    2.90 USD   
  Expenses:Health:Medical:Insurance                  27.38 USD   
  Expenses:Health:Vision:Insurance                   42.30 USD   
  Expenses:Taxes:Y2015:US:Medicare                  106.62 USD   
  Expenses:Taxes:Y2015:US:Federal                  1062.92 USD   
  Expenses:Taxes:Y2015:US:State                     365.08 USD   
  Expenses:Taxes:Y2015:US:CityNYC                   174.92 USD   
  Expenses:Taxes:Y2015:US:SDI                         1.12 USD   
  Expenses:Taxes:Y2015:US:SocSec                    281.54 USD   
  Assets:US:Hoogle:Vacation                              5 VACHR 
  Income:US:Hoogle:Vacation                             -5 VACHR 

2015-09-10 * "Hoogle" | "Payroll"
  Assets:US:BofA:Checking                          2550.60 USD   
  Assets:US:Federal:PreTax401k                        0.00 IRAUSD
  Income:US:Hoogle:Salary                         -4615.38 USD   
  Income:US:Hoogle:GroupTermLife                    -24.32 USD   
  Expenses:Health:Life:GroupTermLife                 24.32 USD   
  Expenses:Health:Dental:Insurance                    2.90 USD   
  Expenses:Health:Medical:Insurance                  27.38 USD   
  Expenses:Health:Vision:Insurance                   42.30 USD   
  Expenses:Taxes:Y2015:US:Medicare                  106.62 USD   
  Expenses:Taxes:Y2015:US:Federal                  1062.92 USD   
  Expenses:Taxes:Y2015:US:State                     365.08 USD   
  Expenses:Taxes:Y2015:US:CityNYC                   174.92 USD   
  Expenses:Taxes:Y2015:US:SDI                         1.12 USD   
  Expenses:Taxes:Y2015:US:SocSec                    281.54 USD   
  Assets:US:Hoogle:Vacation                              5 VACHR 
  Income:US:Hoogle:Vacation                             -5 VACHR 

2015-09-24 * "Hoogle" | "Payroll"
  Assets:US:BofA:Checking                          2550.60 USD   
  Assets:US:Federal:PreTax401k                        0.00 IRAUSD
  Income:US:Hoogle:Salary                         -4615.38 USD   
  Income:US:Hoogle:GroupTermLife                    -24.32 USD   
  Expenses:Health:Life:GroupTermLife                 24.32 USD   
  Expenses:Health:Dental:Insurance                    2.90 USD   
  Expenses:Health:Medical:Insurance                  27.38 USD   
  Expenses:Health:Vision:Insurance                   42.30 USD   
  Expenses:Taxes:Y2015:US:Medicare                  106.62 USD   
  Expenses:Taxes:Y2015:US:Federal                  1062.92 USD   
  Expenses:Taxes:Y2015:US:State                     365.08 USD   
  Expenses:Taxes:Y2015:US:CityNYC                   174.92 USD   
  Expenses:Taxes:Y2015:US:SDI                         1.12 USD   
  Expenses:Taxes:Y2015:US:SocSec                    281.54 USD   
  Assets:US:Hoogle:Vacation                              5 VACHR 
  Income:US:Hoogle:Vacation                             -5 VACHR 

2015-10-08 * "Hoogle" | "Payroll"
  Assets:US:BofA:Checking                          2550.60 USD   
  Assets:US:Federal:PreTax401k                        0.00 IRAUSD
  Income:US:Hoogle:Salary                         -4615.38 USD   
  Income:US:Hoogle:GroupTermLife                    -24.32 USD   
  Expenses:Health:Life:GroupTermLife                 24.32 USD   
  Expenses:Health:Dental:Insurance                    2.90 USD   
  Expenses:Health:Medical:Insurance                  27.38 USD   
  Expenses:Health:Vision:Insurance                   42.30 USD   
  Expenses:Taxes:Y2015:US:Medicare                  106.62 USD   
  Expenses:Taxes:Y2015:US:Federal                  1062.92 USD   
  Expenses:Taxes:Y2015:US:State                     365.08 USD   
  Expenses:Taxes:Y2015:US:CityNYC                   174.92 USD   
  Expenses:Taxes:Y2015:US:SDI                         1.12 USD   
  Expenses:Taxes:Y2015:US:SocSec                    281.54 USD   
  Assets:US:Hoogle:Vacation                              5 VACHR 
  Income:US:Hoogle:Vacation                             -5 VACHR 

2015-10-22 * "Hoogle" | "Payroll"
  Assets:US:BofA:Checking                          2550.60 USD   
  Assets:US:Federal:PreTax401k                        0.00 IRAUSD
  Income:US:Hoogle:Salary                         -4615.38 USD   
  Income:US:Hoogle:GroupTermLife                    -24.32 USD   
  Expenses:Health:Life:GroupTermLife                 24.32 USD   
  Expenses:Health:Dental:Insurance                    2.90 USD   
  Expenses:Health:Medical:Insurance                  27.38 USD   
  Expenses:Health:Vision:Insurance                   42.30 USD   
  Expenses:Taxes:Y2015:US:Medicare                  106.62 USD   
  Expenses:Taxes:Y2015:US:Federal                  1062.92 USD   
  Expenses:Taxes:Y2015:US:State                     365.08 USD   
  Expenses:Taxes:Y2015:US:CityNYC                   174.92 USD   
  Expenses:Taxes:Y2015:US:SDI                         1.12 USD   
  Expenses:Taxes:Y2015:US:SocSec                    281.54 USD   
  Assets:US:Hoogle:Vacation                              5 VACHR 
  Income:US:Hoogle:Vacation                             -5 VACHR 

2015-11-05 * "Hoogle" | "Payroll"
  Assets:US:BofA:Checking                          2550.60 USD   
  Assets:US:Federal:PreTax401k                        0.00 IRAUSD
  Income:US:Hoogle:Salary                         -4615.38 USD   
  Income:US:Hoogle:GroupTermLife                    -24.32 USD   
  Expenses:Health:Life:GroupTermLife                 24.32 USD   
  Expenses:Health:Dental:Insurance                    2.90 USD   
  Expenses:Health:Medical:Insurance                  27.38 USD   
  Expenses:Health:Vision:Insurance                   42.30 USD   
  Expenses:Taxes:Y2015:US:Medicare                  106.62 USD   
  Expenses:Taxes:Y2015:US:Federal                  1062.92 USD   
  Expenses:Taxes:Y2015:US:State                     365.08 USD   
  Expenses:Taxes:Y2015:US:CityNYC                   174.92 USD   
  Expenses:Taxes:Y2015:US:SDI                         1.12 USD   
  Expenses:Taxes:Y2015:US:SocSec                    281.54 USD   
  Assets:US:Hoogle:Vacation                              5 VACHR 
  Income:US:Hoogle:Vacation                             -5 VACHR 

2015-11-19 * "Hoogle" | "Payroll"
  Assets:US:BofA:Checking                          2550.60 USD   
  Assets:US:Federal:PreTax401k                        0.00 IRAUSD
  Income:US:Hoogle:Salary                         -4615.38 USD   
  Income:US:Hoogle:GroupTermLife                    -24.32 USD   
  Expenses:Health:Life:GroupTermLife                 24.32 USD   
  Expenses:Health:Dental:Insurance                    2.90 USD   
  Expenses:Health:Medical:Insurance                  27.38 USD   
  Expenses:Health:Vision:Insurance                   42.30 USD   
  Expenses:Taxes:Y2015:US:Medicare                  106.62 USD   
  Expenses:Taxes:Y2015:US:Federal                  1062.92 USD   
  Expenses:Taxes:Y2015:US:State                     365.08 USD   
  Expenses:Taxes:Y2015:US:CityNYC                   174.92 USD   
  Expenses:Taxes:Y2015:US:SDI                         1.12 USD   
  Expenses:Taxes:Y2015:US:SocSec                    281.54 USD   
  Assets:US:Hoogle:Vacation                              5 VACHR 
  Income:US:Hoogle:Vacation                             -5 VACHR 



* Taxes

1980-05-12 open Income:US:Federal:PreTax401k                    IRAUSD
1980-05-12 open Assets:US:Federal:PreTax401k                    IRAUSD



** Tax Year 2013

2013-01-01 open Expenses:Taxes:Y2013:US:Federal:PreTax401k      IRAUSD
2013-01-01 open Expenses:Taxes:Y2013:US:Medicare                USD
2013-01-01 open Expenses:Taxes:Y2013:US:Federal                 USD
2013-01-01 open Expenses:Taxes:Y2013:US:CityNYC                 USD
2013-01-01 open Expenses:Taxes:Y2013:US:SDI                     USD
2013-01-01 open Expenses:Taxes:Y2013:US:State                   USD
2013-01-01 open Expenses:Taxes:Y2013:US:SocSec                  USD

2013-01-01 balance Assets:US:Federal:PreTax401k          0 IRAUSD

2013-01-01 * "Allowed contributions for one year"
  Income:US:Federal:PreTax401k                      -17500 IRAUSD
  Assets:US:Federal:PreTax401k                       17500 IRAUSD

2014-03-22 * "Filing taxes for 2013"
  Expenses:Taxes:Y2013:US:Federal                   500.04 USD
  Expenses:Taxes:Y2013:US:State                     311.05 USD
  Liabilities:AccountsPayable                      -811.09 USD

2014-03-22 * "FEDERAL TAXPYMT"
  Assets:US:BofA:Checking                          -500.04 USD
  Liabilities:AccountsPayable                       500.04 USD

2014-03-22 * "STATE TAX & FINANC PYMT"
  Assets:US:BofA:Checking                          -311.05 USD
  Liabilities:AccountsPayable                       311.05 USD



** Tax Year 2014

2014-01-01 open Expenses:Taxes:Y2014:US:Federal:PreTax401k      IRAUSD
2014-01-01 open Expenses:Taxes:Y2014:US:Medicare                USD
2014-01-01 open Expenses:Taxes:Y2014:US:Federal                 USD
2014-01-01 open Expenses:Taxes:Y2014:US:CityNYC                 USD
2014-01-01 open Expenses:Taxes:Y2014:US:SDI                     USD
2014-01-01 open Expenses:Taxes:Y2014:US:State                   USD
2014-01-01 open Expenses:Taxes:Y2014:US:SocSec                  USD

2014-01-01 balance Assets:US:Federal:PreTax401k          0 IRAUSD

2014-01-01 * "Allowed contributions for one year"
  Income:US:Federal:PreTax401k                      -17500 IRAUSD
  Assets:US:Federal:PreTax401k                       17500 IRAUSD

2015-03-20 * "Filing taxes for 2014"
  Expenses:Taxes:Y2014:US:Federal                   707.13 USD
  Expenses:Taxes:Y2014:US:State                     214.80 USD
  Liabilities:AccountsPayable                      -921.93 USD

2015-03-22 * "FEDERAL TAXPYMT"
  Assets:US:BofA:Checking                          -707.13 USD
  Liabilities:AccountsPayable                       707.13 USD

2015-03-22 * "STATE TAX & FINANC PYMT"
  Assets:US:BofA:Checking                          -214.80 USD
  Liabilities:AccountsPayable                       214.80 USD



** Tax Year 2015

2015-01-01 open Expenses:Taxes:Y2015:US:Federal:PreTax401k      IRAUSD
2015-01-01 open Expenses:Taxes:Y2015:US:Medicare                USD
2015-01-01 open Expenses:Taxes:Y2015:US:Federal                 USD
2015-01-01 open Expenses:Taxes:Y2015:US:CityNYC                 USD
2015-01-01 open Expenses:Taxes:Y2015:US:SDI                     USD
2015-01-01 open Expenses:Taxes:Y2015:US:State                   USD
2015-01-01 open Expenses:Taxes:Y2015:US:SocSec                  USD

2015-01-01 balance Assets:US:Federal:PreTax401k          0 IRAUSD

2015-01-01 * "Allowed contributions for one year"
  Income:US:Federal:PreTax401k                      -18000 IRAUSD
  Assets:US:Federal:PreTax401k                       18000 IRAUSD



* Expenses

1980-05-12 open Expenses:Food:Groceries
1980-05-12 open Expenses:Food:Restaurant
1980-05-12 open Expenses:Food:Coffee
1980-05-12 open Expenses:Food:Alcohol
1980-05-12 open Expenses:Transport:Tram
1980-05-12 open Expenses:Home:Rent
1980-05-12 open Expenses:Home:Electricity
1980-05-12 open Expenses:Home:Internet
1980-05-12 open Expenses:Home:Phone
1980-05-12 open Expenses:Financial:Fees
1980-05-12 open Expenses:Financial:Commissions



* Prices

2013-01-04 price VBMPX                              136.66 USD
2013-01-04 price RGAGX                              114.78 USD
2013-01-04 price ITOT                               116.20 USD
2013-01-04 price VEA                                195.67 USD
2013-01-04 price VHT                                114.49 USD
2013-01-04 price GLD                                112.18 USD
2013-01-11 price VBMPX                              137.47 USD
2013-01-11 price RGAGX                              116.43 USD
2013-01-11 price ITOT                               116.47 USD
2013-01-11 price VEA                                201.52 USD
2013-01-11 price VHT                                116.28 USD
2013-01-11 price GLD                                113.41 USD
2013-01-18 price VBMPX                              137.53 USD
2013-01-18 price RGAGX                              114.90 USD
2013-01-18 price ITOT                               116.67 USD
2013-01-18 price VEA                                202.63 USD
2013-01-18 price VHT                                115.17 USD
2013-01-18 price GLD                                115.97 USD
2013-01-25 price VBMPX                              137.42 USD
2013-01-25 price RGAGX                              113.97 USD
2013-01-25 price ITOT                               116.09 USD
2013-01-25 price VEA                                197.96 USD
2013-01-25 price VHT                                117.30 USD
2013-01-25 price GLD                                115.98 USD
2013-02-01 price VBMPX                              136.13 USD
2013-02-01 price RGAGX                              112.81 USD
2013-02-01 price ITOT                               115.03 USD
2013-02-01 price VEA                                196.44 USD
2013-02-01 price VHT                                118.75 USD
2013-02-01 price GLD                                115.30 USD
2013-02-08 price VBMPX                              136.12 USD
2013-02-08 price RGAGX                              108.29 USD
2013-02-08 price ITOT                               114.03 USD
2013-02-08 price VEA                                197.97 USD
2013-02-08 price VHT                                120.40 USD
2013-02-08 price GLD                                118.91 USD
2013-02-15 price VBMPX                              136.47 USD
2013-02-15 price RGAGX                              108.84 USD
2013-02-15 price ITOT                               112.03 USD
2013-02-15 price VEA                                195.57 USD
2013-02-15 price VHT                                120.65 USD
2013-02-15 price GLD                                121.19 USD
2013-02-22 price VBMPX                              137.38 USD
2013-02-22 price RGAGX                              107.68 USD
2013-02-22 price ITOT                               111.17 USD
2013-02-22 price VEA                                203.31 USD
2013-02-22 price VHT                                118.94 USD
2013-02-22 price GLD                                122.94 USD
2013-03-01 price VBMPX                              135.87 USD
2013-03-01 price RGAGX                              106.20 USD
2013-03-01 price ITOT                               109.63 USD
2013-03-01 price VEA                                207.55 USD
2013-03-01 price VHT                                120.86 USD
2013-03-01 price GLD                                123.60 USD
2013-03-08 price VBMPX                              134.73 USD
2013-03-08 price RGAGX                              108.90 USD
2013-03-08 price ITOT                               108.75 USD
2013-03-08 price VEA                                203.54 USD
2013-03-08 price VHT                                119.37 USD
2013-03-08 price GLD                                122.51 USD
2013-03-15 price VBMPX                              136.26 USD
2013-03-15 price RGAGX                              108.55 USD
2013-03-15 price ITOT                               108.40 USD
2013-03-15 price VEA                                206.85 USD
2013-03-15 price VHT                                119.07 USD
2013-03-15 price GLD                                122.82 USD
2013-03-22 price VBMPX                              135.69 USD
2013-03-22 price RGAGX                              109.43 USD
2013-03-22 price ITOT                               107.21 USD
2013-03-22 price VEA                                210.95 USD
2013-03-22 price VHT                                119.29 USD
2013-03-22 price GLD                                122.67 USD
2013-03-29 price VBMPX                              135.91 USD
2013-03-29 price RGAGX                              108.56 USD
2013-03-29 price ITOT                               105.46 USD
2013-03-29 price VEA                                220.05 USD
2013-03-29 price VHT                                122.30 USD
2013-03-29 price GLD                                123.44 USD
2013-04-05 price VBMPX                              134.90 USD
2013-04-05 price RGAGX                              109.15 USD
2013-04-05 price ITOT                               106.38 USD
2013-04-05 price VEA                                225.11 USD
2013-04-05 price VHT                                121.13 USD
2013-04-05 price GLD                                123.67 USD
2013-04-12 price VBMPX                              133.81 USD
2013-04-12 price RGAGX                              106.77 USD
2013-04-12 price ITOT                               107.87 USD
2013-04-12 price VEA                                229.92 USD
2013-04-12 price VHT                                121.62 USD
2013-04-12 price GLD                                126.51 USD
2013-04-19 price VBMPX                              134.05 USD
2013-04-19 price RGAGX                              106.36 USD
2013-04-19 price ITOT                               108.70 USD
2013-04-19 price VEA                                235.04 USD
2013-04-19 price VHT                                122.69 USD
2013-04-19 price GLD                                125.38 USD
2013-04-26 price VBMPX                              132.95 USD
2013-04-26 price RGAGX                              104.49 USD
2013-04-26 price ITOT                               109.65 USD
2013-04-26 price VEA                                234.85 USD
2013-04-26 price VHT                                123.61 USD
2013-04-26 price GLD                                125.13 USD
2013-05-03 price VBMPX                              133.24 USD
2013-05-03 price RGAGX                              105.84 USD
2013-05-03 price ITOT                               108.70 USD
2013-05-03 price VEA                                232.27 USD
2013-05-03 price VHT                                123.08 USD
2013-05-03 price GLD                                126.93 USD
2013-05-10 price VBMPX                              134.26 USD
2013-05-10 price RGAGX                              105.12 USD
2013-05-10 price ITOT                               108.06 USD
2013-05-10 price VEA                                229.95 USD
2013-05-10 price VHT                                121.48 USD
2013-05-10 price GLD                                128.59 USD
2013-05-17 price VBMPX                              133.32 USD
2013-05-17 price RGAGX                              107.85 USD
2013-05-17 price ITOT                               107.05 USD
2013-05-17 price VEA                                231.81 USD
2013-05-17 price VHT                                120.59 USD
2013-05-17 price GLD                                127.01 USD
2013-05-24 price VBMPX                              132.59 USD
2013-05-24 price RGAGX                              110.99 USD
2013-05-24 price ITOT                               107.44 USD
2013-05-24 price VEA                                234.98 USD
2013-05-24 price VHT                                119.86 USD
2013-05-24 price GLD                                127.05 USD
2013-05-31 price VBMPX                              132.00 USD
2013-05-31 price RGAGX                              110.45 USD
2013-05-31 price ITOT                               108.47 USD
2013-05-31 price VEA                                237.61 USD
2013-05-31 price VHT                                118.73 USD
2013-05-31 price GLD                                127.00 USD
2013-06-07 price VBMPX                              132.93 USD
2013-06-07 price RGAGX                              113.16 USD
2013-06-07 price ITOT                               111.31 USD
2013-06-07 price VEA                                241.72 USD
2013-06-07 price VHT                                119.22 USD
2013-06-07 price GLD                                127.28 USD
2013-06-14 price VBMPX                              131.59 USD
2013-06-14 price RGAGX                              106.39 USD
2013-06-14 price ITOT                               111.63 USD
2013-06-14 price VEA                                251.62 USD
2013-06-14 price VHT                                116.98 USD
2013-06-14 price GLD                                127.68 USD
2013-06-21 price VBMPX                              131.50 USD
2013-06-21 price RGAGX                              107.38 USD
2013-06-21 price ITOT                               110.94 USD
2013-06-21 price VEA                                250.25 USD
2013-06-21 price VHT                                117.51 USD
2013-06-21 price GLD                                128.18 USD
2013-06-28 price VBMPX                              132.68 USD
2013-06-28 price RGAGX                              107.76 USD
2013-06-28 price ITOT                               112.17 USD
2013-06-28 price VEA                                247.86 USD
2013-06-28 price VHT                                119.91 USD
2013-06-28 price GLD                                127.32 USD
2013-07-05 price VBMPX                              132.75 USD
2013-07-05 price RGAGX                              108.78 USD
2013-07-05 price ITOT                               112.91 USD
2013-07-05 price VEA                                251.66 USD
2013-07-05 price VHT                                118.47 USD
2013-07-05 price GLD                                128.52 USD
2013-07-12 price VBMPX                              132.63 USD
2013-07-12 price RGAGX                              113.21 USD
2013-07-12 price ITOT                               113.30 USD
2013-07-12 price VEA                                251.67 USD
2013-07-12 price VHT                                116.86 USD
2013-07-12 price GLD                                129.16 USD
2013-07-19 price VBMPX                              132.51 USD
2013-07-19 price RGAGX                              111.42 USD
2013-07-19 price ITOT                               110.40 USD
2013-07-19 price VEA                                236.02 USD
2013-07-19 price VHT                                118.10 USD
2013-07-19 price GLD                                129.05 USD
2013-07-26 price VBMPX                              132.53 USD
2013-07-26 price RGAGX                              112.40 USD
2013-07-26 price ITOT                               111.76 USD
2013-07-26 price VEA                                236.01 USD
2013-07-26 price VHT                                119.84 USD
2013-07-26 price GLD                                131.13 USD
2013-08-02 price VBMPX                              131.46 USD
2013-08-02 price RGAGX                              111.29 USD
2013-08-02 price ITOT                               114.48 USD
2013-08-02 price VEA                                235.27 USD
2013-08-02 price VHT                                121.14 USD
2013-08-02 price GLD                                128.46 USD
2013-08-09 price VBMPX                              131.31 USD
2013-08-09 price RGAGX                              109.62 USD
2013-08-09 price ITOT                               114.35 USD
2013-08-09 price VEA                                235.64 USD
2013-08-09 price VHT                                122.50 USD
2013-08-09 price GLD                                127.71 USD
2013-08-16 price VBMPX                              131.77 USD
2013-08-16 price RGAGX                              108.05 USD
2013-08-16 price ITOT                               115.19 USD
2013-08-16 price VEA                                235.63 USD
2013-08-16 price VHT                                121.58 USD
2013-08-16 price GLD                                128.33 USD
2013-08-23 price VBMPX                              132.34 USD
2013-08-23 price RGAGX                              106.77 USD
2013-08-23 price ITOT                               115.18 USD
2013-08-23 price VEA                                236.84 USD
2013-08-23 price VHT                                123.42 USD
2013-08-23 price GLD                                129.64 USD
2013-08-30 price VBMPX                              132.86 USD
2013-08-30 price RGAGX                              108.35 USD
2013-08-30 price ITOT                               113.38 USD
2013-08-30 price VEA                                234.64 USD
2013-08-30 price VHT                                122.81 USD
2013-08-30 price GLD                                128.97 USD
2013-09-06 price VBMPX                              133.54 USD
2013-09-06 price RGAGX                              108.48 USD
2013-09-06 price ITOT                               114.88 USD
2013-09-06 price VEA                                231.75 USD
2013-09-06 price VHT                                123.63 USD
2013-09-06 price GLD                                128.83 USD
2013-09-13 price VBMPX                              132.52 USD
2013-09-13 price RGAGX                              106.05 USD
2013-09-13 price ITOT                               115.61 USD
2013-09-13 price VEA                                231.86 USD
2013-09-13 price VHT                                123.81 USD
2013-09-13 price GLD                                130.24 USD
2013-09-20 price VBMPX                              133.00 USD
2013-09-20 price RGAGX                              105.48 USD
2013-09-20 price ITOT                               117.48 USD
2013-09-20 price VEA                                231.67 USD
2013-09-20 price VHT                                122.13 USD
2013-09-20 price GLD                                131.76 USD
2013-09-27 price VBMPX                              134.29 USD
2013-09-27 price RGAGX                              101.19 USD
2013-09-27 price ITOT                               117.41 USD
2013-09-27 price VEA                                232.97 USD
2013-09-27 price VHT                                122.61 USD
2013-09-27 price GLD                                129.07 USD
2013-10-04 price VBMPX                              135.48 USD
2013-10-04 price RGAGX                              100.87 USD
2013-10-04 price ITOT                               117.35 USD
2013-10-04 price VEA                                222.92 USD
2013-10-04 price VHT                                121.81 USD
2013-10-04 price GLD                                128.64 USD
2013-10-11 price VBMPX                              134.43 USD
2013-10-11 price RGAGX                              100.30 USD
2013-10-11 price ITOT                               115.85 USD
2013-10-11 price VEA                                229.29 USD
2013-10-11 price VHT                                121.71 USD
2013-10-11 price GLD                                130.17 USD
2013-10-18 price VBMPX                              135.33 USD
2013-10-18 price RGAGX                               96.07 USD
2013-10-18 price ITOT                               115.16 USD
2013-10-18 price VEA                                229.80 USD
2013-10-18 price VHT                                120.60 USD
2013-10-18 price GLD                                130.51 USD
2013-10-25 price VBMPX                              135.47 USD
2013-10-25 price RGAGX                               93.39 USD
2013-10-25 price ITOT                               115.92 USD
2013-10-25 price VEA                                231.67 USD
2013-10-25 price VHT                                122.07 USD
2013-10-25 price GLD                                130.10 USD
2013-11-01 price VBMPX                              135.72 USD
2013-11-01 price RGAGX                               93.79 USD
2013-11-01 price ITOT                               115.96 USD
2013-11-01 price VEA                                225.11 USD
2013-11-01 price VHT                                121.40 USD
2013-11-01 price GLD                                129.85 USD
2013-11-08 price VBMPX                              135.40 USD
2013-11-08 price RGAGX                               91.75 USD
2013-11-08 price ITOT                               117.86 USD
2013-11-08 price VEA                                220.93 USD
2013-11-08 price VHT                                124.08 USD
2013-11-08 price GLD                                130.91 USD
2013-11-15 price VBMPX                              135.80 USD
2013-11-15 price RGAGX                               90.33 USD
2013-11-15 price ITOT                               117.26 USD
2013-11-15 price VEA                                219.18 USD
2013-11-15 price VHT                                125.64 USD
2013-11-15 price GLD                                132.87 USD
2013-11-22 price VBMPX                              136.81 USD
2013-11-22 price RGAGX                               89.30 USD
2013-11-22 price ITOT                               115.70 USD
2013-11-22 price VEA                                218.18 USD
2013-11-22 price VHT                                127.83 USD
2013-11-22 price GLD                                132.89 USD
2013-11-29 price VBMPX                              136.89 USD
2013-11-29 price RGAGX                               86.81 USD
2013-11-29 price ITOT                               115.61 USD
2013-11-29 price VEA                                216.17 USD
2013-11-29 price VHT                                129.45 USD
2013-11-29 price GLD                                134.34 USD
2013-12-06 price VBMPX                              137.59 USD
2013-12-06 price RGAGX                               85.56 USD
2013-12-06 price ITOT                               112.71 USD
2013-12-06 price VEA                                215.41 USD
2013-12-06 price VHT                                128.07 USD
2013-12-06 price GLD                                132.20 USD
2013-12-13 price VBMPX                              136.75 USD
2013-12-13 price RGAGX                               88.36 USD
2013-12-13 price ITOT                               113.26 USD
2013-12-13 price VEA                                210.12 USD
2013-12-13 price VHT                                128.79 USD
2013-12-13 price GLD                                134.64 USD
2013-12-20 price VBMPX                              137.18 USD
2013-12-20 price RGAGX                               90.32 USD
2013-12-20 price ITOT                               110.57 USD
2013-12-20 price VEA                                211.71 USD
2013-12-20 price VHT                                129.34 USD
2013-12-20 price GLD                                134.44 USD
2013-12-27 price VBMPX                              137.92 USD
2013-12-27 price RGAGX                               89.91 USD
2013-12-27 price ITOT                               110.06 USD
2013-12-27 price VEA                                211.84 USD
2013-12-27 price VHT                                126.00 USD
2013-12-27 price GLD                                132.66 USD
2014-01-03 price VBMPX                              137.99 USD
2014-01-03 price RGAGX                               89.63 USD
2014-01-03 price ITOT                               111.03 USD
2014-01-03 price VEA                                212.92 USD
2014-01-03 price VHT                                126.28 USD
2014-01-03 price GLD                                132.81 USD
2014-01-10 price VBMPX                              139.00 USD
2014-01-10 price RGAGX                               90.32 USD
2014-01-10 price ITOT                               112.14 USD
2014-01-10 price VEA                                211.54 USD
2014-01-10 price VHT                                125.46 USD
2014-01-10 price GLD                                131.86 USD
2014-01-17 price VBMPX                              140.08 USD
2014-01-17 price RGAGX                               92.78 USD
2014-01-17 price ITOT                               111.97 USD
2014-01-17 price VEA                                213.65 USD
2014-01-17 price VHT                                125.97 USD
2014-01-17 price GLD                                130.18 USD
2014-01-24 price VBMPX                              141.36 USD
2014-01-24 price RGAGX                               89.41 USD
2014-01-24 price ITOT                               115.63 USD
2014-01-24 price VEA                                216.46 USD
2014-01-24 price VHT                                127.80 USD
2014-01-24 price GLD                                131.86 USD
2014-01-31 price VBMPX                              141.60 USD
2014-01-31 price RGAGX                               88.53 USD
2014-01-31 price ITOT                               115.03 USD
2014-01-31 price VEA                                211.75 USD
2014-01-31 price VHT                                127.86 USD
2014-01-31 price GLD                                131.13 USD
2014-02-07 price VBMPX                              140.42 USD
2014-02-07 price RGAGX                               87.51 USD
2014-02-07 price ITOT                               115.64 USD
2014-02-07 price VEA                                209.08 USD
2014-02-07 price VHT                                126.09 USD
2014-02-07 price GLD                                131.77 USD
2014-02-14 price VBMPX                              139.76 USD
2014-02-14 price RGAGX                               87.86 USD
2014-02-14 price ITOT                               112.87 USD
2014-02-14 price VEA                                202.43 USD
2014-02-14 price VHT                                126.18 USD
2014-02-14 price GLD                                131.72 USD
2014-02-21 price VBMPX                              142.26 USD
2014-02-21 price RGAGX                               89.62 USD
2014-02-21 price ITOT                               113.35 USD
2014-02-21 price VEA                                210.67 USD
2014-02-21 price VHT                                124.79 USD
2014-02-21 price GLD                                135.35 USD
2014-02-28 price VBMPX                              144.31 USD
2014-02-28 price RGAGX                               91.73 USD
2014-02-28 price ITOT                               112.64 USD
2014-02-28 price VEA                                209.80 USD
2014-02-28 price VHT                                125.72 USD
2014-02-28 price GLD                                136.51 USD
2014-03-07 price VBMPX                              143.91 USD
2014-03-07 price RGAGX                               91.07 USD
2014-03-07 price ITOT                               110.62 USD
2014-03-07 price VEA                                207.52 USD
2014-03-07 price VHT                                124.97 USD
2014-03-07 price GLD                                134.52 USD
2014-03-14 price VBMPX                              144.32 USD
2014-03-14 price RGAGX                               90.77 USD
2014-03-14 price ITOT                               109.26 USD
2014-03-14 price VEA                                203.45 USD
2014-03-14 price VHT                                125.04 USD
2014-03-14 price GLD                                133.72 USD
2014-03-21 price VBMPX                              143.50 USD
2014-03-21 price RGAGX                               92.89 USD
2014-03-21 price ITOT                               107.40 USD
2014-03-21 price VEA                                193.05 USD
2014-03-21 price VHT                                124.16 USD
2014-03-21 price GLD                                133.76 USD
2014-03-28 price VBMPX                              143.60 USD
2014-03-28 price RGAGX                               91.78 USD
2014-03-28 price ITOT                               110.35 USD
2014-03-28 price VEA                                187.14 USD
2014-03-28 price VHT                                126.02 USD
2014-03-28 price GLD                                135.16 USD
2014-04-04 price VBMPX                              144.99 USD
2014-04-04 price RGAGX                               89.72 USD
2014-04-04 price ITOT                               108.45 USD
2014-04-04 price VEA                                192.03 USD
2014-04-04 price VHT                                125.55 USD
2014-04-04 price GLD                                136.77 USD
2014-04-11 price VBMPX                              145.31 USD
2014-04-11 price RGAGX                               91.42 USD
2014-04-11 price ITOT                               107.37 USD
2014-04-11 price VEA                                193.35 USD
2014-04-11 price VHT                                126.39 USD
2014-04-11 price GLD                                136.61 USD
2014-04-18 price VBMPX                              145.25 USD
2014-04-18 price RGAGX                               93.02 USD
2014-04-18 price ITOT                               108.32 USD
2014-04-18 price VEA                                189.67 USD
2014-04-18 price VHT                                125.50 USD
2014-04-18 price GLD                                136.13 USD
2014-04-25 price VBMPX                              145.41 USD
2014-04-25 price RGAGX                               95.64 USD
2014-04-25 price ITOT                               110.76 USD
2014-04-25 price VEA                                190.84 USD
2014-04-25 price VHT                                124.47 USD
2014-04-25 price GLD                                135.47 USD
2014-05-02 price VBMPX                              146.53 USD
2014-05-02 price RGAGX                               96.26 USD
2014-05-02 price ITOT                               112.94 USD
2014-05-02 price VEA                                191.86 USD
2014-05-02 price VHT                                127.07 USD
2014-05-02 price GLD                                135.27 USD
2014-05-09 price VBMPX                              147.13 USD
2014-05-09 price RGAGX                               95.57 USD
2014-05-09 price ITOT                               116.71 USD
2014-05-09 price VEA                                195.30 USD
2014-05-09 price VHT                                126.75 USD
2014-05-09 price GLD                                136.28 USD
2014-05-16 price VBMPX                              146.87 USD
2014-05-16 price RGAGX                               94.22 USD
2014-05-16 price ITOT                               117.19 USD
2014-05-16 price VEA                                195.75 USD
2014-05-16 price VHT                                127.03 USD
2014-05-16 price GLD                                137.29 USD
2014-05-23 price VBMPX                              146.09 USD
2014-05-23 price RGAGX                               92.71 USD
2014-05-23 price ITOT                               117.32 USD
2014-05-23 price VEA                                195.11 USD
2014-05-23 price VHT                                125.66 USD
2014-05-23 price GLD                                137.83 USD
2014-05-30 price VBMPX                              145.76 USD
2014-05-30 price RGAGX                               93.27 USD
2014-05-30 price ITOT                               116.59 USD
2014-05-30 price VEA                                198.46 USD
2014-05-30 price VHT                                127.49 USD
2014-05-30 price GLD                                138.72 USD
2014-06-06 price VBMPX                              146.56 USD
2014-06-06 price RGAGX                               91.41 USD
2014-06-06 price ITOT                               115.08 USD
2014-06-06 price VEA                                199.86 USD
2014-06-06 price VHT                                127.10 USD
2014-06-06 price GLD                                137.32 USD
2014-06-13 price VBMPX                              147.25 USD
2014-06-13 price RGAGX                               91.48 USD
2014-06-13 price ITOT                               117.14 USD
2014-06-13 price VEA                                204.00 USD
2014-06-13 price VHT                                129.40 USD
2014-06-13 price GLD                                137.89 USD
2014-06-20 price VBMPX                              147.37 USD
2014-06-20 price RGAGX                               90.19 USD
2014-06-20 price ITOT                               117.31 USD
2014-06-20 price VEA                                203.45 USD
2014-06-20 price VHT                                133.06 USD
2014-06-20 price GLD                                138.25 USD
2014-06-27 price VBMPX                              147.31 USD
2014-06-27 price RGAGX                               92.77 USD
2014-06-27 price ITOT                               115.69 USD
2014-06-27 price VEA                                202.80 USD
2014-06-27 price VHT                                132.21 USD
2014-06-27 price GLD                                138.94 USD
2014-07-04 price VBMPX                              147.84 USD
2014-07-04 price RGAGX                               95.21 USD
2014-07-04 price ITOT                               116.73 USD
2014-07-04 price VEA                                206.65 USD
2014-07-04 price VHT                                135.42 USD
2014-07-04 price GLD                                138.41 USD
2014-07-11 price VBMPX                              147.43 USD
2014-07-11 price RGAGX                               91.10 USD
2014-07-11 price ITOT                               117.70 USD
2014-07-11 price VEA                                207.65 USD
2014-07-11 price VHT                                136.91 USD
2014-07-11 price GLD                                139.25 USD
2014-07-18 price VBMPX                              147.74 USD
2014-07-18 price RGAGX                               91.55 USD
2014-07-18 price ITOT                               118.49 USD
2014-07-18 price VEA                                208.02 USD
2014-07-18 price VHT                                137.58 USD
2014-07-18 price GLD                                138.85 USD
2014-07-25 price VBMPX                              148.16 USD
2014-07-25 price RGAGX                               92.68 USD
2014-07-25 price ITOT                               119.55 USD
2014-07-25 price VEA                                211.24 USD
2014-07-25 price VHT                                135.56 USD
2014-07-25 price GLD                                138.12 USD
2014-08-01 price VBMPX                              147.95 USD
2014-08-01 price RGAGX                               95.25 USD
2014-08-01 price ITOT                               118.94 USD
2014-08-01 price VEA                                212.87 USD
2014-08-01 price VHT                                135.77 USD
2014-08-01 price GLD                                137.95 USD
2014-08-08 price VBMPX                              147.86 USD
2014-08-08 price RGAGX                               93.86 USD
2014-08-08 price ITOT                               120.23 USD
2014-08-08 price VEA                                203.93 USD
2014-08-08 price VHT                                136.65 USD
2014-08-08 price GLD                                138.71 USD
2014-08-15 price VBMPX                              147.95 USD
2014-08-15 price RGAGX                               95.29 USD
2014-08-15 price ITOT                               120.86 USD
2014-08-15 price VEA                                203.79 USD
2014-08-15 price VHT                                135.86 USD
2014-08-15 price GLD                                140.93 USD
2014-08-22 price VBMPX                              147.34 USD
2014-08-22 price RGAGX                               96.89 USD
2014-08-22 price ITOT                               119.17 USD
2014-08-22 price VEA                                205.23 USD
2014-08-22 price VHT                                134.08 USD
2014-08-22 price GLD                                139.65 USD
2014-08-29 price VBMPX                              147.47 USD
2014-08-29 price RGAGX                               98.00 USD
2014-08-29 price ITOT                               115.05 USD
2014-08-29 price VEA                                207.47 USD
2014-08-29 price VHT                                133.58 USD
2014-08-29 price GLD                                139.00 USD
2014-09-05 price VBMPX                              148.24 USD
2014-09-05 price RGAGX                               99.76 USD
2014-09-05 price ITOT                               116.20 USD
2014-09-05 price VEA                                210.96 USD
2014-09-05 price VHT                                133.35 USD
2014-09-05 price GLD                                136.89 USD
2014-09-12 price VBMPX                              149.58 USD
2014-09-12 price RGAGX                              100.04 USD
2014-09-12 price ITOT                               115.74 USD
2014-09-12 price VEA                                209.73 USD
2014-09-12 price VHT                                133.08 USD
2014-09-12 price GLD                                136.26 USD
2014-09-19 price VBMPX                              149.93 USD
2014-09-19 price RGAGX                               95.27 USD
2014-09-19 price ITOT                               115.40 USD
2014-09-19 price VEA                                213.85 USD
2014-09-19 price VHT                                133.50 USD
2014-09-19 price GLD                                137.97 USD
2014-09-26 price VBMPX                              149.80 USD
2014-09-26 price RGAGX                               95.08 USD
2014-09-26 price ITOT                               117.39 USD
2014-09-26 price VEA                                215.95 USD
2014-09-26 price VHT                                133.16 USD
2014-09-26 price GLD                                138.60 USD
2014-10-03 price VBMPX                              150.71 USD
2014-10-03 price RGAGX                               93.68 USD
2014-10-03 price ITOT                               117.48 USD
2014-10-03 price VEA                                216.68 USD
2014-10-03 price VHT                                135.13 USD
2014-10-03 price GLD                                138.13 USD
2014-10-10 price VBMPX                              149.65 USD
2014-10-10 price RGAGX                               95.38 USD
2014-10-10 price ITOT                               115.75 USD
2014-10-10 price VEA                                217.70 USD
2014-10-10 price VHT                                134.82 USD
2014-10-10 price GLD                                138.21 USD
2014-10-17 price VBMPX                              149.50 USD
2014-10-17 price RGAGX                               94.18 USD
2014-10-17 price ITOT                               115.60 USD
2014-10-17 price VEA                                226.07 USD
2014-10-17 price VHT                                132.95 USD
2014-10-17 price GLD                                136.56 USD
2014-10-24 price VBMPX                              148.28 USD
2014-10-24 price RGAGX                               89.81 USD
2014-10-24 price ITOT                               118.11 USD
2014-10-24 price VEA                                232.61 USD
2014-10-24 price VHT                                131.78 USD
2014-10-24 price GLD                                135.96 USD
2014-10-31 price VBMPX                              148.20 USD
2014-10-31 price RGAGX                               91.41 USD
2014-10-31 price ITOT                               119.80 USD
2014-10-31 price VEA                                238.92 USD
2014-10-31 price VHT                                129.62 USD
2014-10-31 price GLD                                134.96 USD
2014-11-07 price VBMPX                              148.85 USD
2014-11-07 price RGAGX                               91.64 USD
2014-11-07 price ITOT                               121.32 USD
2014-11-07 price VEA                                239.69 USD
2014-11-07 price VHT                                131.61 USD
2014-11-07 price GLD                                134.33 USD
2014-11-14 price VBMPX                              147.34 USD
2014-11-14 price RGAGX                               94.49 USD
2014-11-14 price ITOT                               123.37 USD
2014-11-14 price VEA                                247.48 USD
2014-11-14 price VHT                                132.22 USD
2014-11-14 price GLD                                137.14 USD
2014-11-21 price VBMPX                              147.65 USD
2014-11-21 price RGAGX                               94.37 USD
2014-11-21 price ITOT                               126.29 USD
2014-11-21 price VEA                                247.22 USD
2014-11-21 price VHT                                136.35 USD
2014-11-21 price GLD                                137.07 USD
2014-11-28 price VBMPX                              146.01 USD
2014-11-28 price RGAGX                               93.24 USD
2014-11-28 price ITOT                               124.48 USD
2014-11-28 price VEA                                250.06 USD
2014-11-28 price VHT                                134.70 USD
2014-11-28 price GLD                                137.70 USD
2014-12-05 price VBMPX                              146.45 USD
2014-12-05 price RGAGX                               90.93 USD
2014-12-05 price ITOT                               125.50 USD
2014-12-05 price VEA                                248.06 USD
2014-12-05 price VHT                                134.37 USD
2014-12-05 price GLD                                136.71 USD
2014-12-12 price VBMPX                              146.49 USD
2014-12-12 price RGAGX                               92.57 USD
2014-12-12 price ITOT                               125.30 USD
2014-12-12 price VEA                                243.96 USD
2014-12-12 price VHT                                132.23 USD
2014-12-12 price GLD                                138.94 USD
2014-12-19 price VBMPX                              145.93 USD
2014-12-19 price RGAGX                               91.76 USD
2014-12-19 price ITOT                               126.96 USD
2014-12-19 price VEA                                247.60 USD
2014-12-19 price VHT                                134.00 USD
2014-12-19 price GLD                                140.86 USD
2014-12-26 price VBMPX                              147.88 USD
2014-12-26 price RGAGX                               92.60 USD
2014-12-26 price ITOT                               126.46 USD
2014-12-26 price VEA                                244.80 USD
2014-12-26 price VHT                                136.27 USD
2014-12-26 price GLD                                142.48 USD
2015-01-02 price VBMPX                              149.04 USD
2015-01-02 price RGAGX                               92.94 USD
2015-01-02 price ITOT                               126.78 USD
2015-01-02 price VEA                                251.16 USD
2015-01-02 price VHT                                140.24 USD
2015-01-02 price GLD                                141.95 USD
2015-01-09 price VBMPX                              150.33 USD
2015-01-09 price RGAGX                               93.90 USD
2015-01-09 price ITOT                               129.62 USD
2015-01-09 price VEA                                255.02 USD
2015-01-09 price VHT                                139.62 USD
2015-01-09 price GLD                                143.50 USD
2015-01-16 price VBMPX                              150.65 USD
2015-01-16 price RGAGX                               93.38 USD
2015-01-16 price ITOT                               129.26 USD
2015-01-16 price VEA                                259.37 USD
2015-01-16 price VHT                                138.37 USD
2015-01-16 price GLD                                143.62 USD
2015-01-23 price VBMPX                              149.65 USD
2015-01-23 price RGAGX                               90.83 USD
2015-01-23 price ITOT                               128.00 USD
2015-01-23 price VEA                                255.16 USD
2015-01-23 price VHT                                138.96 USD
2015-01-23 price GLD                                144.06 USD
2015-01-30 price VBMPX                              149.72 USD
2015-01-30 price RGAGX                               90.82 USD
2015-01-30 price ITOT                               129.72 USD
2015-01-30 price VEA                                250.22 USD
2015-01-30 price VHT                                137.78 USD
2015-01-30 price GLD                                142.89 USD
2015-02-06 price VBMPX                              148.48 USD
2015-02-06 price RGAGX                               89.05 USD
2015-02-06 price ITOT                               131.65 USD
2015-02-06 price VEA                                252.19 USD
2015-02-06 price VHT                                139.98 USD
2015-02-06 price GLD                                142.34 USD
2015-02-13 price VBMPX                              149.22 USD
2015-02-13 price RGAGX                               90.34 USD
2015-02-13 price ITOT                               131.02 USD
2015-02-13 price VEA                                246.24 USD
2015-02-13 price VHT                                138.25 USD
2015-02-13 price GLD                                142.10 USD
2015-02-20 price VBMPX                              150.44 USD
2015-02-20 price RGAGX                               89.16 USD
2015-02-20 price ITOT                               128.58 USD
2015-02-20 price VEA                                239.80 USD
2015-02-20 price VHT                                139.22 USD
2015-02-20 price GLD                                142.96 USD
2015-02-27 price VBMPX                              151.29 USD
2015-02-27 price RGAGX                               87.38 USD
2015-02-27 price ITOT                               131.02 USD
2015-02-27 price VEA                                244.58 USD
2015-02-27 price VHT                                137.99 USD
2015-02-27 price GLD                                144.86 USD
2015-03-06 price VBMPX                              151.30 USD
2015-03-06 price RGAGX                               85.04 USD
2015-03-06 price ITOT                               129.34 USD
2015-03-06 price VEA                                241.62 USD
2015-03-06 price VHT                                138.31 USD
2015-03-06 price GLD                                143.95 USD
2015-03-13 price VBMPX                              152.10 USD
2015-03-13 price RGAGX                               84.92 USD
2015-03-13 price ITOT                               127.47 USD
2015-03-13 price VEA                                250.33 USD
2015-03-13 price VHT                                140.44 USD
2015-03-13 price GLD                                147.62 USD
2015-03-20 price VBMPX                              151.38 USD
2015-03-20 price RGAGX                               83.90 USD
2015-03-20 price ITOT                               127.07 USD
2015-03-20 price VEA                                246.49 USD
2015-03-20 price VHT                                143.69 USD
2015-03-20 price GLD                                149.80 USD
2015-03-27 price VBMPX                              154.14 USD
2015-03-27 price RGAGX                               83.65 USD
2015-03-27 price ITOT                               127.99 USD
2015-03-27 price VEA                                252.96 USD
2015-03-27 price VHT                                142.17 USD
2015-03-27 price GLD                                147.70 USD
2015-04-03 price VBMPX                              154.48 USD
2015-04-03 price RGAGX                               83.56 USD
2015-04-03 price ITOT                               125.11 USD
2015-04-03 price VEA                                250.44 USD
2015-04-03 price VHT                                141.83 USD
2015-04-03 price GLD                                148.78 USD
2015-04-10 price VBMPX                              154.02 USD
2015-04-10 price RGAGX                               86.34 USD
2015-04-10 price ITOT                               123.66 USD
2015-04-10 price VEA                                250.90 USD
2015-04-10 price VHT                                142.06 USD
2015-04-10 price GLD                                148.56 USD
2015-04-17 price VBMPX                              154.46 USD
2015-04-17 price RGAGX                               86.54 USD
2015-04-17 price ITOT                               121.73 USD
2015-04-17 price VEA                                255.49 USD
2015-04-17 price VHT                                142.83 USD
2015-04-17 price GLD                                148.25 USD
2015-04-24 price VBMPX                              153.97 USD
2015-04-24 price RGAGX                               87.97 USD
2015-04-24 price ITOT                               122.64 USD
2015-04-24 price VEA                                248.18 USD
2015-04-24 price VHT                                146.46 USD
2015-04-24 price GLD                                148.47 USD
2015-05-01 price VBMPX                              153.74 USD
2015-05-01 price RGAGX                               89.68 USD
2015-05-01 price ITOT                               123.22 USD
2015-05-01 price VEA                                247.35 USD
2015-05-01 price VHT                                148.19 USD
2015-05-01 price GLD                                149.00 USD
2015-05-08 price VBMPX                              153.82 USD
2015-05-08 price RGAGX                               89.36 USD
2015-05-08 price ITOT                               123.17 USD
2015-05-08 price VEA                                249.62 USD
2015-05-08 price VHT                                147.86 USD
2015-05-08 price GLD                                147.64 USD
2015-05-15 price VBMPX                              153.14 USD
2015-05-15 price RGAGX                               90.24 USD
2015-05-15 price ITOT                               121.77 USD
2015-05-15 price VEA                                246.04 USD
2015-05-15 price VHT                                148.15 USD
2015-05-15 price GLD                                147.59 USD
2015-05-22 price VBMPX                              152.29 USD
2015-05-22 price RGAGX                               91.63 USD
2015-05-22 price ITOT                               123.82 USD
2015-05-22 price VEA                                247.48 USD
2015-05-22 price VHT                                148.20 USD
2015-05-22 price GLD                                147.23 USD
2015-05-29 price VBMPX                              153.35 USD
2015-05-29 price RGAGX                               91.61 USD
2015-05-29 price ITOT                               124.33 USD
2015-05-29 price VEA                                249.60 USD
2015-05-29 price VHT                                148.45 USD
2015-05-29 price GLD                                146.83 USD
2015-06-05 price VBMPX                              153.03 USD
2015-06-05 price RGAGX                               90.91 USD
2015-06-05 price ITOT                               124.91 USD
2015-06-05 price VEA                                251.69 USD
2015-06-05 price VHT                                146.29 USD
2015-06-05 price GLD                                146.72 USD
2015-06-12 price VBMPX                              153.10 USD
2015-06-12 price RGAGX                               87.48 USD
2015-06-12 price ITOT                               124.06 USD
2015-06-12 price VEA                                250.20 USD
2015-06-12 price VHT                                144.37 USD
2015-06-12 price GLD                                147.88 USD
2015-06-19 price VBMPX                              153.92 USD
2015-06-19 price RGAGX                               86.43 USD
2015-06-19 price ITOT                               123.73 USD
2015-06-19 price VEA                                251.61 USD
2015-06-19 price VHT                                141.91 USD
2015-06-19 price GLD                                144.98 USD
2015-06-26 price VBMPX                              153.12 USD
2015-06-26 price RGAGX                               84.28 USD
2015-06-26 price ITOT                               125.39 USD
2015-06-26 price VEA                                253.54 USD
2015-06-26 price VHT                                142.50 USD
2015-06-26 price GLD                                148.14 USD
2015-07-03 price VBMPX                              153.87 USD
2015-07-03 price RGAGX                               84.48 USD
2015-07-03 price ITOT                               125.33 USD
2015-07-03 price VEA                                256.82 USD
2015-07-03 price VHT                                141.79 USD
2015-07-03 price GLD                                147.27 USD
2015-07-10 price VBMPX                              155.60 USD
2015-07-10 price RGAGX                               82.76 USD
2015-07-10 price ITOT                               122.90 USD
2015-07-10 price VEA                                260.28 USD
2015-07-10 price VHT                                145.61 USD
2015-07-10 price GLD                                146.21 USD
2015-07-17 price VBMPX                              153.14 USD
2015-07-17 price RGAGX                               84.48 USD
2015-07-17 price ITOT                               123.21 USD
2015-07-17 price VEA                                263.30 USD
2015-07-17 price VHT                                147.20 USD
2015-07-17 price GLD                                145.95 USD
2015-07-24 price VBMPX                              154.41 USD
2015-07-24 price RGAGX                               83.63 USD
2015-07-24 price ITOT                               121.32 USD
2015-07-24 price VEA                                257.54 USD
2015-07-24 price VHT                                148.21 USD
2015-07-24 price GLD                                146.00 USD
2015-07-31 price VBMPX                              154.44 USD
2015-07-31 price RGAGX                               83.32 USD
2015-07-31 price ITOT                               121.67 USD
2015-07-31 price VEA                                260.10 USD
2015-07-31 price VHT                                149.57 USD
2015-07-31 price GLD                                146.13 USD
2015-08-07 price VBMPX                              154.45 USD
2015-08-07 price RGAGX                               84.30 USD
2015-08-07 price ITOT                               119.36 USD
2015-08-07 price VEA                                266.42 USD
2015-08-07 price VHT                                148.99 USD
2015-08-07 price GLD                                146.05 USD
2015-08-14 price VBMPX                              153.09 USD
2015-08-14 price RGAGX                               85.44 USD
2015-08-14 price ITOT                               119.64 USD
2015-08-14 price VEA                                268.12 USD
2015-08-14 price VHT                                147.49 USD
2015-08-14 price GLD                                144.59 USD
2015-08-21 price VBMPX                              152.83 USD
2015-08-21 price RGAGX                               84.01 USD
2015-08-21 price ITOT                               122.56 USD
2015-08-21 price VEA                                269.57 USD
2015-08-21 price VHT                                145.60 USD
2015-08-21 price GLD                                148.35 USD
2015-08-28 price VBMPX                              153.71 USD
2015-08-28 price RGAGX                               83.03 USD
2015-08-28 price ITOT                               122.52 USD
2015-08-28 price VEA                                267.67 USD
2015-08-28 price VHT                                145.61 USD
2015-08-28 price GLD                                147.68 USD
2015-09-04 price VBMPX                              155.09 USD
2015-09-04 price RGAGX                               82.48 USD
2015-09-04 price ITOT                               120.88 USD
2015-09-04 price VEA                                272.73 USD
2015-09-04 price VHT                                143.19 USD
2015-09-04 price GLD                                146.68 USD
2015-09-11 price VBMPX                              154.29 USD
2015-09-11 price RGAGX                               82.66 USD
2015-09-11 price ITOT                               118.45 USD
2015-09-11 price VEA                                270.44 USD
2015-09-11 price VHT                                145.98 USD
2015-09-11 price GLD                                148.25 USD
2015-09-18 price VBMPX                              153.94 USD
2015-09-18 price RGAGX                               83.28 USD
2015-09-18 price ITOT                               120.18 USD
2015-09-18 price VEA                                274.23 USD
2015-09-18 price VHT                                143.57 USD
2015-09-18 price GLD                                150.09 USD
2015-09-25 price VBMPX                              155.67 USD
2015-09-25 price RGAGX                               84.13 USD
2015-09-25 price ITOT                               123.94 USD
2015-09-25 price VEA                                276.13 USD
2015-09-25 price VHT                                146.81 USD
2015-09-25 price GLD                                151.08 USD
2015-10-02 price VBMPX                              156.10 USD
2015-10-02 price RGAGX                               84.10 USD
2015-10-02 price ITOT                               125.35 USD
2015-10-02 price VEA                                267.49 USD
2015-10-02 price VHT                                149.55 USD
2015-10-02 price GLD                                151.17 USD
2015-10-09 price VBMPX                              156.60 USD
2015-10-09 price RGAGX                               82.09 USD
2015-10-09 price ITOT                               126.32 USD
2015-10-09 price VEA                                271.18 USD
2015-10-09 price VHT                                151.47 USD
2015-10-09 price GLD                                151.63 USD
2015-10-16 price VBMPX                              155.83 USD
2015-10-16 price RGAGX                               82.77 USD
2015-10-16 price ITOT                               125.04 USD
2015-10-16 price VEA                                269.63 USD
2015-10-16 price VHT                                149.32 USD
2015-10-16 price GLD                                150.89 USD
2015-10-23 price VBMPX                              155.77 USD
2015-10-23 price RGAGX                               84.85 USD
2015-10-23 price ITOT                               126.85 USD
2015-10-23 price VEA                                280.03 USD
2015-10-23 price VHT                                150.84 USD
2015-10-23 price GLD                                151.47 USD
2015-10-30 price VBMPX                              156.96 USD
2015-10-30 price RGAGX                               84.20 USD
2015-10-30 price ITOT                               124.39 USD
2015-10-30 price VEA                                272.97 USD
2015-10-30 price VHT                                153.78 USD
2015-10-30 price GLD                                152.52 USD
2015-11-06 price VBMPX                              157.59 USD
2015-11-06 price RGAGX                               84.50 USD
2015-11-06 price ITOT                               124.38 USD
2015-11-06 price VEA                                274.27 USD
2015-11-06 price VHT                                157.62 USD
2015-11-06 price GLD                                151.20 USD
2015-11-13 price VBMPX                              158.47 USD
2015-11-13 price RGAGX                               85.67 USD
2015-11-13 price ITOT                               125.53 USD
2015-11-13 price VEA                                284.14 USD
2015-11-13 price VHT                                158.57 USD
2015-11-13 price GLD                                152.26 USD
2015-11-20 price VBMPX                              159.51 USD
2015-11-20 price RGAGX                               87.25 USD
2015-11-20 price ITOT                               123.80 USD
2015-11-20 price VEA                                290.40 USD
2015-11-20 price VHT                                162.57 USD
2015-11-20 price GLD                                151.81 USD
2015-11-27 price VBMPX                              160.42 USD
2015-11-27 price RGAGX                               86.76 USD
2015-11-27 price ITOT                               125.78 USD
2015-11-27 price VEA                                286.39 USD
2015-11-27 price VHT                                160.21 USD
2015-11-27 price GLD                                151.03 USD



* Cash

